2416 3934
132 116 153 180 2
173 189 178 202 s
559 115 631 169 oon
650 115 676 184 1,
696 121 720 170 1.

136 279 266 363 scripsit
297 279 410 362 lyrica,
443 278 594 343 carminis
628 281 791 342 auctorem
825 279 952 342 secutus
984 275 1159 357 Alcaeum,

135 372 231 454 quem
253 369 288 432 in
312 389 406 452 opere
431 387 488 430 suo
511 367 558 430 ita
580 367 692 431 iactat:
724 365 900 431 Aeolium
929 388 1083 431 carmen
1107 367 1161 430 ad

136 457 260 522 Italos
275 456 478 521 deduxisse
493 454 638 540 modos,
652 457 729 520 artis
743 454 887 540 poeticae
897 477 1006 536 unum,
1020 454 1160 538 epodon

136 569 255 629 unum,
288 545 499 630 epistularum
528 544 621 627 duos,
654 566 838 609 sermonum
866 543 959 626 duos,
989 543 1160 608 Lucilium

110 637 265 700 ssecutus
293 634 556 718 antiquissimum
584 633 788 718 scriptorem,
816 632 905 697 cuius
933 632 980 696 ita
1002 632 1161 696 meminit

136 722 285 788 dicendo:
316 722 441 786 Lucili
473 723 550 786 ritu
578 725 753 788 nostrum
774 720 949 786 melioris
976 723 1160 806 utroque,

137 814 169 875 et
197 812 358 876 saeculare
386 832 528 895 carmen,
562 810 648 895 quod
676 810 872 876 celebratum
894 809 1031 894 publicis
1054 809 1161 894 uotiS,

136 900 214 964 felix
236 900 380 964 futurum
402 899 540 984 posteris
564 922 667 965 omen.

428 1239 627 1312 ODA-RUM
654 1238 853 1311 LIBERI.

95 1417 120 1456 10
222 1395 275 1461 Ad
306 1396 536 1462 Maecenatem.
643 1393 845 1458 Maecenas
883 1393 1010 1460 atauis
1047 1395 1159 1460 edite

135 1486 302 1571 regibus.
355 1487 418 1550 hac
455 1485 514 1549 ode
538 1483 758 1548 Maecenatem
791 1483 974 1568 adloquitur
1002 1484 1159 1550 indicans

135 1575 234 1638 alium
262 1574 325 1638 alio
354 1573 461 1638 studio
490 1573 594 1637 teneri
621 1591 738 1650 reruoc,
766 1593 848 1656 quae
878 1571 1070 1656 adpetuntur
1097 1576 1159 1638 uel

135 1662 249 1726 ludicri
277 1661 452 1746 cupiditate
479 1663 532 1726 uel
560 1661 696 1746 gloriae3
727 1682 761 1724 se
790 1663 898 1724 autem
925 1665 1038 1743 putare
1063 1663 1159 1727 inter

138 1751 215 1815 deos
243 1750 381 1814 relatum
409 1750 463 1835 iri,
493 1751 521 1816 si
550 1771 684 1815 numero
708 1748 881 1832 lyricorum
904 1753 1072 1835 poetarum
1096 1753 1158 1816 ad-

95 1859 120 1900 15
135 1840 273 1922 scriptus
305 1838 412 1904 fuerit.
511 1838 730 1903 Maecenatem
759 1838 805 1902 ait
837 1839 965 1904 atauis
994 1839 1155 1924 regibus

135 1928 270 2013 editum,
298 1928 385 2012 quod
414 1951 434 1992 a
461 1928 623 1994 nobilibus
650 1927 862 1991 Etruscorum
891 1931 981 1992 crtus
1011 1929 1060 1993 sit.
1132 1931 1158 1994 5

133 2019 337 2108 palmaque
365 2018 513 2082 nobilis
535 2021 726 2081 terrarum
750 2015 924 2080 dominos
948 2017 1078 2081 euehit
1106 2019 1158 2082 ad

134 2105 234 2170 deosL
280 2107 481 2191 ambiguum,
510 2109 620 2170 utrum
647 2105 793 2170 nobilis
822 2105 912 2169 deos
937 2127 980 2170 an
1001 2106 1157 2171 nobilis

138 2195 275 2276 palma.
384 2196 402 2256 7
440 2195 604 2258 mobiles
640 2193 812 2268 Quirites
850 2195 897 2258 ait
932 2195 1072 2260 referens
1111 2197 1160 2261 ad

95 2303 121 2342 10
135 2283 225 2366 uulgi
253 2282 426 2346 leuitatem.
475 2282 620 2366 loquitur
643 2284 751 2346 autem
774 2282 813 2346 de
836 2304 888 2366 eo,
918 2284 974 2368 qui
1005 2283 1159 2350 fauorem

134 2371 225 2454 uulgi
267 2373 401 2452 captans
439 2373 547 2460 optet²
592 2392 665 2435 cum
706 2372 872 2456 ingressus
905 2373 948 2437 sit
979 2372 1160 2458 theatrum,

133 2460 284 2542 plausum
317 2458 380 2522 sibi
407 2459 459 2522 cdi
487 2481 506 2522 a
538 2460 667 2543 populo.
713 2461 759 2524 sic
791 2460 878 2524 enim
910 2461 1160 2546 excipiebantur

135 2549 170 2611 in
192 2547 320 2612 theatro
343 2547 518 2632 principes,
546 2548 586 2612 de
614 2549 730 2633 quibus
758 2549 841 2613 bene
867 2551 1007 2634 populus
1035 2552 1160 2616 sentie-

134 2637 199 2701 bat.
252 2637 312 2702 hos
346 2637 432 2701 enim
463 2637 595 2721 plausus
627 2639 863 2723 tergeminos
895 2639 1062 2704 honores
1096 2641 1160 2705 ait.

95 2747 120 2788 as
240 2728 280 2791 12
313 2726 499 2790 Attalicis
539 2726 833 2791 condicionibus
870 2727 904 2792 id
941 2731 1006 2793 est:
1051 2730 1160 2814 regiis

134 2815 258 2897 opibus.
346 2813 477 2878 Attalus
519 2819 627 2880 autem
667 2837 724 2880 rex
763 2813 1039 2902 Pergamenorum
1078 2818 1159 2902 fuit,

136 2904 226 2967 cuius
249 2902 428 2968 hereditate
450 2906 588 2988 populus
607 2904 772 2969 Romanus
796 2904 1010 2988 locupletatus
1034 2908 1156 2971 fuerat.

135 2994 185 3055 est
213 2994 320 3056 autem
350 3013 476 3057 seusus:
509 2995 700 3079 quicumque
728 2995 891 3059 consuerit
918 3015 1032 3081 agrum
1056 3017 1158 3061 suum

206 3166 285 3220 aod.
305 3172 330 3234 3,
350 3170 393 3235 30,
413 3172 446 3219 13
520 3174 535 3222 6
555 3184 635 3223 serm.
655 3174 680 3236 2,
701 3174 725 3236 1,
745 3175 779 3224 29

208 3331 222 3378 1
243 3325 351 3379 alceum
372 3325 411 3379 M
479 3332 496 3379 4
514 3325 667 3396 Luc1ll1um
686 3329 725 3382 M
796 3337 812 3384 6
830 3331 916 3386 ntum
936 3331 974 3384 M
1044 3330 1159 3386 'locle-

136 3397 252 3450 bratur?
353 3395 520 3465 8p0steris:
539 3401 679 3468 posterius
699 3401 738 3453 M
834 3408 850 3456 9
869 3401 1047 3456 POMPONI·
1066 3401 1159 3456 POR-

135 3466 309 3522 FYRIONIS
327 3465 578 3523 COMMENTUM·
597 3470 638 3524 IN
652 3470 848 3527 HORATIUM
861 3471 1044 3527 FLAOOUM·
1065 3473 1103 3526 M

137 3544 170 3592 13
190 3553 282 3592 rerum
301 3539 413 3594 addidi:
431 3555 481 3593 001.
502 3541 546 3606 M,
565 3557 660 3596 eorum
680 3561 698 3611 ς
764 3542 873 3612 lucriq
948 3550 983 3598 14
1001 3543 1092 3599 relatu
1115 3545 1161 3599 M

200 3614 241 3662 '23
261 3609 404 3664 theatrum
423 3609 462 3663 M
478 3611 512 3678 cf.
531 3617 557 3678 1,
575 3617 623 3681 20,
644 3618 661 3668 5
734 3619 768 3670 2⁷
787 3620 831 3686 pr.
851 3615 889 3669 M
1111 3615 1125 3628 '⁴
