2426 3934
168 165 232 229 358
458 167 528 222 aas
546 165 705 222 Pourlon
724 172 874 221 411-411.

168 331 327 412 occupet
350 331 559 393 extremum
582 330 741 394 scabies.
787 329 849 394 hoc
868 351 907 394 ex
920 330 993 394 lusu
1007 352 1164 414 puerorum

168 418 309 502 sustulit,
331 419 386 502 qui
407 417 554 483 ludentes
578 419 683 484 solent
706 419 808 483 dicere
846 417 1027 502 Quisquis
1055 419 1165 483 adme

168 507 407 572 nouissimus
439 507 591 571 uenerit
621 507 762 571 habeat
797 507 973 572 scabiem.
1050 509 1112 572 422
1142 511 1168 572 si

168 617 258 660 uero
292 599 352 660 est
380 599 535 660 unctum
565 597 629 680 qui
660 599 764 660 recte
794 617 936 679 ponere
970 596 1097 681 possit
1116 597 1169 662 hoc

141 688 231 750 ⁵est:
270 685 297 748 si
323 684 444 750 habeas
472 705 557 766 eum,
589 685 644 768 qui
672 693 784 749 cenam
806 688 985 768 praeparet.
1053 685 1114 750 431
1136 691 1170 749 ut

169 775 233 858 qui
256 774 437 839 conducti
459 775 617 856 ploran‘t
639 774 679 838 in
700 775 833 838 funere
856 774 997 838 dieunt.
1042 773 1170 838 Alexan·

168 863 257 926 driae
280 863 326 928 sic
349 862 452 927 obolis
475 862 710 947 conducuntur,
747 863 802 948 qui
831 867 976 928 mortuos
999 863 1113 946 fleant,
1146 869 1171 926 et

167 951 230 1016 hoc
257 954 325 1014 tam
355 951 449 1015 ualde
480 950 618 1035 faciunt,
653 955 690 1016 ut
721 952 762 1015 ab
794 951 1021 1036 ignorantibus
1055 952 1172 1016 illorum

167 1040 268 1104 fuisse
305 1040 489 1123 credantur,
526 1041 582 1125 qui
611 1041 794 1105 efferuntur.
839 1040 874 1103 hi
910 1061 987 1126 ergo
1024 1044 1172 1106 uocantur

129 1144 154 1184 10
168 1129 351 1216 θρηνῳὸοί.
419 1130 486 1194 434
514 1151 624 1214 reges
658 1130 838 1194 dicuntur
860 1129 994 1193 multis
1018 1150 1172 1214 urguere

168 1218 338 1282 culullis.
383 1239 475 1303 reges
508 1219 607 1301 enim,
640 1240 721 1304 quos
748 1219 864 1283 uolunt
886 1219 1028 1302 recipere
1052 1219 1172 1283 11111111-

167 1307 291 1392 citiam,
323 1308 426 1372 multo
456 1329 544 1372 mero
574 1308 737 1372 inebriant
759 1309 956 1391 temptantes
981 1330 1024 1371 an
1047 1329 1104 1391 per
1125 1329 1172 1390 po-

165 1396 288 1461 tionem
312 1418 394 1480 quae
416 1396 559 1460 habeant
581 1400 704 1461 secreta
730 1397 878 1479 prodant.
946 1396 1013 1461 435
1047 1399 1085 1460 11
1106 1399 1172 1460 tor-

168 1507 284 1569 quere
316 1507 418 1550 mero
448 1486 510 1550 hoc
541 1489 604 1550 est:
645 1485 833 1570 protrahere
865 1484 906 1549 ad
937 1485 1172 1550 confessionem.

128 1584 154 1625 1⁵
234 1575 300 1638 437
324 1575 443 1638 animi
466 1574 534 1638 sub
556 1575 670 1658 uulpe
693 1575 871 1639 latentes.
899 1573 1104 1640 simulatores
1125 1595 1172 1636 eos

167 1666 201 1725 et
232 1669 372 1747 εἴρωνας
403 1663 602 1746 appellamus
635 1663 691 1747 qui
723 1663 861 1747 benigne
893 1662 1045 1728 inrident.
1115 1663 1171 1725 438

168 1749 361 1825 Quintilio
398 1752 430 1815 si
466 1751 557 1836 quid
587 1753 784 1816 recitares.
829 1751 883 1815 hio
913 1755 983 1815 erat
1006 1751 1171 1828 Quintilius

166 1837 275 1905 Uarus
299 1838 524 1908 Cremonensis
561 1840 682 1905 amicus
706 1839 844 1925 Uergilii
874 1861 972 1924 eques
1005 1839 1171 1904 Romanus.

235 1930 300 1994 441
329 1934 369 1994 11
390 1931 487 1994 male
510 1933 687 1995 tornatos
710 1929 842 2014 incudi
865 1929 1027 1993 reddere
1050 1949 1172 1992 uersus

127 2032 153 2071 2⁰
167 2017 228 2084 hoc
248 2023 312 2083 est:
336 2020 440 2084 denuo
464 2040 576 2084 uersus
591 2018 739 2101 scribere,
762 2040 826 2102 quo
841 2017 936 2082 modo
949 2017 1173 2081 ferramentum

165 2107 250 2172 male
273 2108 466 2192 productum
488 2108 632 2172 redditur
658 2108 694 2172 in
716 2106 865 2170 incudem
888 2109 925 2170 ut
947 2106 994 2170 ibi
1017 2107 1172 2171 formetur.

233 2196 300 2259 444
322 2197 418 2279 quin
441 2197 525 2260 sine
548 2197 674 2261 niuali.
721 2197 883 2260 aemulum
905 2195 1043 2259 riualem
1066 2195 1150 2259 dixit.

166 2282 232 2346 446
269 2284 479 2367 incomptis
511 2284 660 2349 adlinet
689 2287 815 2349 atrum
851 2288 1081 2349 transuerso
1117 2305 1172 2346 ca-

166 2372 266 2436 lamo
295 2371 460 2458 signum:
498 2373 659 2458 significat
681 2395 719 2438 ao
741 2376 837 2437 notat
858 2395 989 2437 uersum
1012 2373 1097 2437 male
1119 2371 1173 2435 for-

126 2463 299 2525 esmatum.
367 2459 434 2526 450
470 2461 542 2526 fiet
573 2460 834 2527 Aristarchus.
879 2461 932 2526 hic
955 2459 1092 2526 Homeri
1113 2482 1172 2525 car·

129 2555 133 2560 ’
167 2551 257 2614 mina
281 2549 457 2615 adnotauit.
501 2551 556 2614 ille
586 2572 662 2642 ergo
686 2551 782 2616 iudex
805 2551 903 2615 etiam
927 2550 1044 2634 optimi
1066 2553 1171 2635 poetae

166 2638 375 2704 Aristarchus
397 2639 461 2704 fiet.
529 2638 595 2704 454
632 2643 697 2704 aut
732 2640 928 2704 fanaticus
965 2640 1089 2704 idest:
1124 2637 1171 2721 qui

166 2728 364 2813 lymphatico
388 2729 562 2813 agitantur.
629 2729 695 2794 456
726 2730 880 2814 agitant
911 2729 1022 2813 pueri
1051 2729 1172 2792 incau-

168 2817 275 2901 tique
306 2821 528 2902 sequuntur.
574 2839 651 2881 nam
680 2819 772 2902 pueri
795 2817 1077 2901 praetereuntibus
1099 2816 1173 2880 inlu-

127 2929 153 2968 11
168 2904 242 2970 dere
266 2906 354 2971 soliti
377 2927 447 2990 111,
479 2928 559 2991 quos
592 2906 805 2989 insectantur,
829 2907 863 2970 in
886 2905 1083 2970 dementiam
1105 2925 1172 2968 con-

165 2994 300 3079 pellunt.
352 2994 416 3059 457
432 2994 495 3059 hic
520 2995 606 3058 dum
630 2994 810 3059 sublimis
831 3016 970 3078 'uersus
994 2995 1171 3058 ructatur.

162 3104 226 3168 pro
250 3081 389 3148 ‘ructat'.
436 3084 562 3169 antiqui
581 3083 668 3147 enim
694 3086 727 3148 et
751 3081 875 3147 ‘ructo’
900 3086 933 3148 et
967 3079 1107 3147 ‘ructor'
1129 3080 1170 3142 di-

237 3318 254 3364 4
281 3313 418 3380 punctum
438 3311 476 3364 M
546 3316 562 3364 5
591 3311 713 3366 habeat?
787 3316 802 3364 7
830 3309 954 3364 111111.-
982 3311 1019 3364 111
1038 3310 1076 3364 Μ
1140 3311 1166 3358 11

167 3381 269 3434 cuhll1s
289 3383 329 3434 Μ
407 3387 440 3434 15
469 3380 646 3435 simulatores
666 3381 695 3435 Ο.
715 3379 861 3434 Humana
879 3381 957 3448 apud
975 3380 1120 3434 Erecthei:
1137 3393 1168 3429 sr-

167 3451 299 3503 mratores
318 3451 356 3502 M
409 3457 441 3504 16
474 3453 604 3519 ripevus:
623 3451 780 3519 mydrones‚
801 3467 922 3518 asupru
940 3467 955 3504 e
974 3467 1036 3515 scr„
1055 3451 1092 3502 M
1140 3452 1169 3500 18

167 3519 296 3572 romands
316 3520 355 3571 M
424 3520 561 3574 2611111111
576 3521 615 3572 M
661 3527 695 3576 28
727 3520 866 3575 hmfatrco
885 3521 924 3573 M
998 3527 1032 3574 30
1051 3532 1170 3574 eoscos:

164 3585 192 3637 -8t
211 3587 248 3638 M
300 3589 391 3642 solent
409 3590 438 3640 et
465 3607 483 3656 ς
554 3595 588 3643 31
606 3591 729 3645 luctatur
749 3591 788 3644 M
856 3596 890 3644 32
909 3592 1106 3659 proructoannl
1121 3605 1170 3655 qur

168 3654 268 3719 (1111111
286 3659 319 3708 nt
337 3662 418 3724 corr.)
438 3659 476 3710 M
