2378 3934
155 104 219 168 180
280 109 282 112 ’
460 97 613 154 CARMEN
634 95 857 152 SAECULARE.

151 263 415 350 intellegendum.
507 262 550 326 33
578 259 739 326 condito
772 257 881 323 mitis
911 257 1172 341 placidusque

152 356 233 420 telo
256 351 458 438 supplices
483 351 572 416 audi
598 369 739 434 pueros
766 346 921 431 Apollo.
980 346 1037 411 hic
1060 367 1171 412 sensus

154 443 332 510 secundum
352 459 465 507 eorum
480 439 666 524 opinionem
688 440 866 522 conceptus
887 439 950 521 eet,
973 435 1031 521 qui
1049 432 1169 520 Apolli·

152 553 229 598 nem
251 531 456 617 pestilentem
479 529 574 594 deum
597 531 715 612 putent
738 547 816 592 esee.
852 546 950 610 pomo
975 529 1090 590 eutem
1111 523 1169 608 qui-

127 622 230 686 sdam
253 621 298 684 dii
320 621 393 685 ideo
416 619 596 703 placantur,
618 619 656 682 ut
678 615 815 701 prosint,
839 615 973 700 quidem
991 636 1034 679 ne
1054 613 1172 691 obsint,

154 709 332 776 secundum
368 707 455 792 quod
487 706 526 772 de
555 705 710 792 Apolline
741 725 829 770 nuno
862 703 980 769 elicitur
1012 702 1173 768 condito

154 799 263 863 mitis
290 796 547 882 placidusque
573 796 653 860 telo
683 793 881 878 supplices
909 793 999 858 endi
1032 813 1175 878 pueros

153 887 311 972 Apollo,
342 907 389 954 ne¹
411 887 529 950 noceat
555 885 687 950 scilicet.
740 883 870 948 uicctm
898 886 1008 948 eutem
1036 885 1070 946 et
1102 879 1174 945 Ho-

154 995 280 1040 merus
308 976 353 1039 sic
381 974 420 1039 ele
447 974 504 1038 illo
533 974 688 1058 sensisse,
715 993 789 1038 cum
817 972 864 1036 eit
891 975 1017 1058 pestem
1040 968 1175 1036 Graecis

115 1085 141 1126 ιο
156 1065 196 1128 ab
225 1085 263 1129 eo
292 1063 424 1128 immitti
474 1063 573 1128 etiem
599 1062 765 1128 Plautus
795 1063 831 1126 in
853 1060 1036 1127 Mercatore
1062 1060 1176 1125 fabula

155 1153 242 1218 idem
279 1153 391 1236 sentit,
428 1173 502 1218 cum
536 1149 663 1217 inducit
698 1155 836 1216 matrem
871 1149 1014 1215 familias
1050 1151 1176 1234 preomi

155 1242 352 1327 Apollinem,
371 1245 451 1307 nato
470 1263 529 1307 suo
547 1244 720 1326 otpercot.
776 1239 819 1305 35
843 1239 1013 1304 siderum
1036 1239 1175 1324 regine

155 1331 340 1396 bicornis.
361 1331 525 1415 poeticum
547 1333 598 1395 est
613 1331 727 1394 lunam
741 1329 883 1394 siderum
896 1329 1047 1414 reginem
1060 1327 1175 1403 dicere,

157 1420 243 1504 quod
276 1420 393 1486 clarior
425 1421 511 1484 inter
542 1423 630 1484 estre
662 1419 821 1484 uideatur.
911 1418 953 1482 37
986 1417 1112 1482 Roma
1144 1419 1172 1480 si

117 1513 331 1574 isues'tr'um
364 1511 422 1572 est
454 1530 548 1592 opus
571 1507 756 1593 Iliaeque.
803 1527 901 1592 quere
929 1507 1070 1572 Romam
1096 1529 1175 1591 opus

157 1597 284 1662 Dianae
313 1600 346 1661 et
368 1595 530 1680 Apollinis
559 1597 660 1679 dicet,
686 1597 833 1662 nondum
860 1596 970 1680 uidc03
999 1595 1065 1660 nisi
1093 1595 1176 1660 forte

158 1707 198 1749 ex
220 1685 359 1751 lectione
387 1684 618 1770 Uergiliana
642 1682 707 1752 hoc
731 1686 888 1770 concepit,
910 1685 967 1750 ubi
989 1685 1177 1769 frequenter

158 1773 276 1839 dicitur
299 1773 464 1861 Apollinis
492 1775 631 1840 oraculis
658 1775 855 1840 instructum
877 1773 1023 1840 Aeneam
1046 1773 1176 1839 Italiam

157 1863 286 1948 petisse.
346 1863 387 1928 cd
423 1885 519 1949 quem
549 1865 751 1928 intellectum
783 1867 816 1928 et
847 1865 916 1948 ipse
947 1885 1009 1928 nos
1043 1863 1176 1928 adduxit

118 1973 146 2016 no
158 1956 257 2036 poeto
270 1952 440 2018 inferendo
458 1953 565 2018 iussa
592 1975 682 2037 pers
697 1956 846 2018 mutere
860 1955 962 2017 lares
977 1955 1016 2017 et
1027 1953 1175 2032 urbem3

158 2041 228 2105 sine
256 2041 355 2107 dubie
384 2042 471 2106 enim
498 2041 640 2108 ‘oreoulo
668 2041 768 2108 iussa'
799 2041 1028 2128 intellegimus.
1088 2041 1176 2126 ‘pers

158 2129 257 2193 iuese’
282 2134 392 2194 autem
410 2131 451 2196 ed
464 2131 545 2196 illud
558 2131 706 2216 refemur,
729 2131 815 2216 quod
830 2152 898 2197 non
913 2151 1027 2198 omnes
1040 2129 1176 2196 Ilienses

159 2227 232 2279 c'um
256 2218 368 2298 Aenea
390 2218 528 2302 fuerint,
551 2220 607 2284 sed
629 2241 707 2304 pars
730 2243 841 2285 eorum
865 2220 954 2285 alibi.
1043 2221 1085 2284 41
1117 2221 1177 2284 oni

119 2305 965 2484 ...teloneo
978 2330 1177 2464 ..oms

157 2479 291 2545 incense
318 2482 415 2548 Troia
447 2485 502 2570 eit,
540 2487 596 2551 sed
631 2486 713 2553 ‘sine
745 2487 858 2554 fraude
889 2488 1019 2574 Aeneas
1050 2487 1177 2572 patriae

159 2570 345 2653 superstes'.
398 2573 484 2656 quod
512 2575 584 2640 ideo
612 2576 742 2642 uidetur
764 2577 900 2663 dictum,
931 2579 1007 2662 quie
1034 2599 1177 2662 quorun-

159 2656 239 2758 duem·
263 2660 416 2743 opinione
447 2662 626 2730 infamatus
658 2664 787 2731 Aeneas
820 2670 871 2731 est
902 2665 1037 2731 crimine
1070 2666 1177 2750 prodi·

157 2748 293 2848 tionis..
356 2749 399 2812 43
428 2749 594 2818 daturus
621 2756 736 2838 pluro
763 2756 930 2821 relictis:
959 2755 1026 2821 sois
1055 2755 1178 2821 scilicet

120 2851 147 2891 eo
161 2829 320 2919 Tromms,
344 2859 425 2921 quos
449 2861 559 2906 secum
582 2844 618 2908 c'o
639 2843 771 2910 Italiam
785 2844 919 2910 adduxit
933 2845 1069 2910 daturus
1082 2846 1176 2930 plura

160 2938 257 2998 qoem
288 2944 369 3004 quoe
401 2926 437 2989 in
468 2929 575 3011 petria
608 2933 728 3000 amisso
759 2935 968 3019 reliquerunt.
1024 2935 1176 3000 relictis

230 3094 296 3147 811.
319 3102 341 3163 1,
362 3102 395 3150 43
415 3116 476 3167 sqq.
551 3111 585 3161 10
603 3107 688 3164 Mero.
708 3116 733 3178 4,
754 3117 778 3178 1,
799 3117 831 3165 12

231 3235 245 3281 1
265 3235 408 3288 conditum
428 3238 466 3290 M
575 3254 592 3302 4
611 3253 797 3322 pestssentem,
816 3269 838 3306 e.
857 3253 875 3307 l.
894 3270 928 3308 m.
947 3259 977 3308 2.
997 3255 1035 3308 M
1143 3260 1174 3306 1‘3

160 3296 322 3412 {polhmem
341 3305 379 3357 M
458 3315 492 3392 29
506 3315 612 3394 ,orbem
631 3323 669 3376 M
747 3331 781 3379 21
802 3324 917 3379 oraculo
936 3324 975 3378 M
1052 3331 1087 3379 23
1108 3341 1174 3378 aena

159 3429 193 3480 N
258 3373 311 3486 ,24
329 3373 393 3453 leoco
411 3378 510 3435 adcon
528 3393 680 3448 secundom
698 3394 765 3450 Aer.
784 3397 830 3465 (p.)
849 3400 965 3450 ceterum
983 3397 1019 3464 cs.
1038 3395 1176 3452 ffltolddiv'

159 3441 340 3554 apeaffam
353 3455 531 3524 eonemcotum
544 3472 629 3528 super
647 3467 770 3522 camino
786 3467 926 3524 saeculari
940 3468 972 3522 ic
986 3467 1122 3537 Opmus
1137 3469 1173 3522 cd.

160 3581 244 3622 aneas
264 3509 411 3626 fflaw,
438 3517 593 3588 Annonam
615 3535 715 3604 (1871)
736 3555 769 3608 p.
796 3543 832 3594 19
923 3545 958 3593 se
982 3555 1066 3596 aenas
1090 3544 1116 3594 et
1143 3545 1175 3592 ee

371 3587 404 3635 31
424 3590 557 3652 petuam·
577 3607 859 3679 m1sserelmquerunt
878 3609 917 3664 M
