2378 3934
167 115 210 180 96
567 111 641 166 ona
659 112 708 182 ui,
728 117 770 168 n.

167 280 317 344 dicuntur
349 275 418 342 siue
445 275 487 340 ad
514 274 718 340 Mercurium
788 275 829 341 15
863 274 980 340 cessit
1011 275 1165 340 inmanis

165 367 240 432 tibi
262 365 484 430 blandienti
501 364 649 430 ianitor
662 364 782 428 aulae.
827 368 989 447 receptam
1000 363 1038 428 de
1048 362 1163 448 Orpheo

165 456 310 520 fabulam
331 457 465 538 tractat,
487 475 551 538 qua
574 453 674 519 refert
696 450 795 517 etiam
818 450 994 520 Cerberum
1016 457 1050 517 et
1072 458 1165 518 cetera

164 545 295 610 inferna
316 548 415 609 cantu
441 543 585 608 citharae
607 542 709 608 lenita
731 563 810 608 esse.
880 541 920 608 19
954 545 1070 626 atque
1100 544 1167 626 spi·

139 635 264 706 tritus
287 636 413 698 taeter
436 655 460 697 s.
482 654 525 696 m.
548 655 577 697 o.
600 635 623 698 t.
668 631 792 696 saniem
815 631 1087 716 autcadauerum,
1109 634 1166 714 qui-

166 723 226 787 bus
255 722 411 806 uescitur,
440 721 589 806 intellegi
620 722 691 786 uult
720 724 778 785 aut
805 742 866 804 pro
896 720 1030 785 uenenis
1060 722 1165 803 posuit,

166 833 248 896 quae
270 812 306 875 in
327 811 384 875 illo
407 831 477 875 esse
499 814 610 894 potest
632 810 727 895 fingi,
756 831 830 874 cum
852 809 953 874 etiam
978 810 1168 893 serpentibus

164 900 309 964 hirsutus
332 917 401 962 esse
424 899 575 984 fingatur.
642 900 684 964 21
713 899 806 983 quin
829 903 866 962 et
887 896 1000 962 Ixion
1022 897 1088 962 Tit
1073 901 1168 1000 tyos·

164 1009 236 1072 qne
263 988 376 1052 uultu
403 986 493 1051 risit
519 987 656 1052 inuito.
702 987 830 1052 inuito
853 987 965 1050 uultu
987 985 1158 1052 risitin

126 1105 152 1144 10
165 1077 300 1162 tellegas
323 1079 452 1141 tantam
474 1075 574 1140 uisse
598 1075 738 1161 gratiam
761 1080 885 1159 cantus,
908 1075 967 1140 ut'
958 1097 994 1139 m
1007 1025 1169 1140 tormentii

164 1187 288 1250 poenae
312 1165 498 1230 constitutis
525 1165 696 1230 extorserit
717 1169 828 1228 tamen
849 1165 942 1229 risus.
988 1165 1031 1228 23
1057 1164 1170 1229 Danai

165 1255 315 1338 puellas
337 1276 398 1338 pro
422 1275 460 1318 eo
484 1255 570 1338 quod
593 1258 643 1319 est
666 1253 785 1319 ‘Danai
807 1251 914 1318 filias'.
981 1252 1025 1318 25
1050 1254 1170 1318 audiat

165 1343 269 1428 Lyde
300 1344 426 1408 scelus
459 1346 574 1428 atque
605 1347 730 1408 notas.
774 1343 858 1408 mira
885 1343 1108 1426 oportunitate
1138 1343 1168 1406 de

166 1454 296 1497 excessu
320 1454 484 1497 excessum
498 1433 648 1517 repperit
693 1435 727 1496 et
740 1435 791 1495 est
804 1453 932 1497 sensusx
956 1431 1070 1497 audiat
1082 1430 1172 1517 Lyde,

127 1547 152 1586 15
166 1543 230 1605 qua
255 1542 361 1605 poena
388 1521 561 1586 damnatae
590 1520 669 1604 sint,
701 1542 784 1604 quae
811 1520 956 1586 crudeles
979 1522 1169 1586 amatoribus

165 1609 296 1674 fuerint.
363 1610 406 1674 26
438 1613 476 1673 et
506 1611 620 1674 inane
656 1609 838 1693 lymphae
876 1609 1021 1675 dolium
1059 1609 1169 1673 fundo

164 1697 366 1781 pereuntis
389 1698 473 1762 imo.
540 1699 637 1762 inane
657 1698 788 1763 dolium
833 1699 1004 1762 ituantem
1017 1698 1171 1783 figurant,

165 1790 202 1851 ut
225 1808 243 1851 e
266 1787 430 1853 contrario
454 1787 597 1870 ‘plenum
619 1809 678 1856 uas
702 1784 839 1873 [inante]
863 1787 949 1851 illius
972 1784 1031 1851 rei'
1057 1787 1182 1868 dicius„

165 1877 249 1940 utet
263 1874 481 1940 Terentius:
509 1874 601 1941 Uini
623 1877 785 1961 plenum
848 1877 890 1942 28
910 1877 1171 1960 seraquefata.

125 1991 150 2030 so
165 1987 263 2049 quare
287 1987 358 2030 sera
381 1965 506 2050 dixerit,
527 1966 596 2051 ipsc
619 1988 657 2030 ex
672 1965 825 2031 subiectis
844 1965 988 2031 ostendit
1010 1965 1172 2030 inferendo

164 2076 259 2139 quae
289 2059 448 2119 manent
476 2057 609 2139 culpas
632 2055 748 2119 etiam
772 2055 840 2120 sub
864 2053 971 2120 Orco.
1045 2055 1091 2119 30
1113 2055 1181 2130 in<

163 2143 250 2225 piae
279 2164 365 2206 nam
395 2144 485 2227 quid
514 2148 674 2227 potuere
704 2167 746 2208 m.
767 2143 788 2208 i.
818 2144 905 2209 bona
933 2144 1181 2228 epanalempsisy

163 2251 221 2312 per
245 2252 343 2313 quam
365 2231 531 2315 inpensior
553 2232 680 2297 affectio
705 2232 841 2298 dicentis
864 2232 1064 2316 exprimitur.
1137 2234 1171 2298 31

164 2318 260 2383 duro
301 2319 459 2400 perdere
499 2319 613 2384 ferro.
664 2343 733 2385 non
765 2321 805 2385 ad
837 2326 990 2386 naturam
1020 2321 1100 2386 ferri
1129 2344 1180 2384 re»

124 2407 266 2472 alatum
299 2410 349 2472 est
379 2407 547 2492 epitheton
578 2407 692 2494 ‘duro’‚
724 2409 780 2474 sed
812 2409 853 2474 ad
886 2411 1029 2476 animum
1058 2433 1174 2487 earum,

164 2519 245 2581 quae
269 2496 350 2561 dura
372 2518 409 2561 ae
432 2497 553 2564 crudeli
575 2501 684 2563 mente
715 2500 751 2565 in
783 2521 838 2565 eos
867 2521 945 2564 usae
982 2503 1067 2564 sunt.
1135 2500 1173 2562 33

73 2599 78 2608 ’
162 2607 237 2650 una
275 2586 318 2650 de
351 2587 486 2653 multis
525 2587 611 2652 face
647 2589 818 2673 nuptiali
855 2589 981 2674 digna.
1048 2587 1179 2674 Hyper·¹

162 2679 317 2754 mestrem
340 2675 431 2762 dicit,
463 2698 544 2760 quae
566 2675 733 2760 Lynceum
762 2677 916 2744 maritum
946 2678 1098 2742 seruauit.
1144 2688 1173 2740 et

163 2763 244 2829 bene
266 2786 325 2848 pro
348 2765 716 2848 praesenti‘adfectione
734 2767 873 2832 inlatum
895 2767 981 2831 face
1003 2765 1172 2849 nuptiali

123 2876 150 2915 au
164 2852 293 2936 digna,
329 2857 495 2939 tamquam
525 2855 629 2920 maius
657 2855 837 2940 praemium
866 2855 996 2922 feminis
1027 2876 1095 2921 non
1126 2855 1178 2920 siu

236 3033 268 3081 19
286 3028 353 3082 Hec
374 3033 399 3097 5,
418 3035 444 3098 3,
464 3035 506 3086 25

235 3205 323 3260 lsiue
338 3205 552 3260 adMercurium
565 3206 825 3263 manducarentur
878 3209 987 3264 20rleo
1002 3209 1041 3262 M
1075 3197 1177 3293 3quacy

163 3294 181 3343 ς
215 3275 301 3330 refret
321 3277 359 3330 M
432 3293 576 3332 ceruorum
595 3278 634 3332 M
708 3282 849 3336 bsamem
868 3281 963 3334 autem
982 3279 1022 3334 M
1079 3285 1172 3347 lpus-

162 3349 227 3400 sunt
245 3347 302 3401 cod
319 3347 405 3402 Bora.
496 3349 818 3421 9r1s.nt.1ntellegas
838 3353 877 3407 M
970 3357 1003 3406 13
1031 3350 1117 3406 sceles
1139 3349 1174 3402 Μ

234 3421 268 3470 14
297 3432 426 3471 exoeeum
445 3417 484 3471 M
573 3425 605 3473 18
635 3421 701 3474 ntae
720 3369 786 3474 Mg
854 3424 950 3478 inante
968 3423 1071 3477 auec.-
1112 3437 1173 3479 uas,

162 3484 216 3538 et
208 3502 328 3554 manag
417 3491 449 3540 21
475 3487 564 3557 culpis
584 3490 623 3544 M
715 3497 748 3546 22
772 3493 840 3560 qu1d
858 3511 892 3548 ca
911 3494 987 3562 quod
1007 3493 1046 3548 M
1124 3473 1176 3566 llo-l

162 3553 407 3695 {difficilem
433 3557 470 3609 M
571 3564 604 3613 27
628 3564 830 3630 ypermestram
854 3566 892 3619 M
993 3571 1028 3619 28
1057 3563 1174 3632 quelyn·
