2378 3934
176 151 242 216 250
492 151 613 208 SERMO
632 153 666 222 ΙΙ,
686 159 711 222 s,
730 125 862 208 erssrar.

176 315 344 380 carmine
367 315 519 401 gratior
542 337 670 380 aurem
693 317 868 400 occupet.
900 314 962 379 hoe
983 312 1164 382 Antisthe-

176 425 244 468 nes
268 405 386 470 dixisse
409 404 556 468 traditur.
601 404 629 469 is
653 405 738 468 enim
762 426 835 468 eum
858 403 993 469 uidisset
1006 405 1165 471 adrdeseen·

175 497 243 558 tem
264 493 464 560 luxuriosum
488 493 725 558 aeroametibus
752 493 910 574 deditum,
942 493 1001 558 eit:
1037 491 1166 558 miserum

176 586 218 666 te,
240 582 437 666 adulescens,
460 582 516 666 qui
537 605 704 667 nunquam
726 579 847 646 audisti
866 603 1028 648 summum
1041 603 1166 647 acroama

149 669 210 734 sid
223 671 414 736 estlaudem
432 675 532 736 tuam.
599 672 642 736 97
664 673 703 735 te
726 670 800 735 tibi
821 671 1013 756 iniquum:
1035 672 1166 756 ineptum.

265 759 308 824 99
346 783 385 824 as
417 761 548 844 laquei
579 760 754 844 pretium.
808 759 972 824 Plautus
1008 759 1043 823 in
1072 759 1166 824 Pseu·

175 846 279 914 du10:
304 846 376 912 Sed
400 848 490 933 quid
518 870 561 914 ea
584 848 767 914 drachma
794 848 925 914 faeere
948 847 1032 913 uis?
1056 885 1091 896 —
1112 848 1167 912 Ite·

176 937 265 1002 stim
286 938 370 1002 uolo
394 937 487 1002 mihi
511 959 681 1003 emere..
705 937 770 1023 qui
801 960 858 1012 me
880 938 1023 1003 faciam
1045 937 1167 1021 pendu-

50 1063 53 1071 ι
175 1026 262 1090 lum.
329 1025 372 1090 99
409 1027 492 1091 iure
528 1027 658 1111 inquit
693 1025 861 1092 Trauius
897 1027 998 1092 istis.
1051 1025 1167 1090 itarius

136 1129 162 1170 1⁰
175 1136 300 1199 pauper
323 1114 379 1179 sed
401 1115 585 1180 luxuriosus
603 1116 675 1180 fuit.
720 1137 835 1182 uerum
849 1116 884 1181 in
898 1114 1045 1200 sequenti
1065 1115 1169 1179 uecti-

176 1204 281 1289 gelia
304 1204 390 1288 quod
405 1204 465 1289 ait,
487 1205 608 1270 reditus
622 1203 769 1290 priuatos
789 1205 965 1291 signifieat,
988 1225 1060 1268 eum
1081 1207 1169 1267 tamen

175 1293 323 1377 publicos
345 1296 475 1358 tantum
498 1293 553 1357 alii
575 1294 751 1378 posuerint.
821 1295 886 1360 103
919 1315 987 1358 eur
1018 1296 1101 1378 eget
1125 1293 1169 1354 in·

175 1382 323 1466 dignus.
359 1404 485 1448 sensus:
521 1404 578 1447 eur
608 1386 642 1447 te
666 1383 766 1448 diuite
789 1383 906 1469 aliquis
929 1403 1052 1467 pauper
1073 1380 1135 1446 est?

178 1471 241 1534 106
277 1471 343 1534 uni
374 1472 554 1536 nimirum
585 1475 692 1536 reete
723 1473 792 1538 tibi
814 1493 964 1556 semper
988 1473 1097 1536 erunt
1116 1491 1168 1532 res.

137 1569 163 1613 1⁵
177 1579 305 1624 sensus:
336 1561 498 1643 parcendo
520 1561 693 1645 prospieis,
725 1583 765 1625 ne
788 1583 942 1645 umquem
964 1560 1027 1625 tibi
1049 1559 1123 1624 desit
1130 1559 1169 1642 ,t

176 1649 414 1733 qdegenterepr.
450 1650 637 1735 contingere
677 1650 738 1716 tibi
768 1672 835 1716 non
864 1648 978 1734 possit
1053 1648 1108 1712 108
1134 1647 1167 1710 ad

176 1757 289 1801 casua
321 1735 459 1802 dubios
490 1737 593 1802 fidet
625 1739 702 1803 sibi
735 1739 903 1819 certius..
940 1738 1005 1804 hoe
1028 1739 1085 1802 ait:
1113 1735 1168 1820 quis

175 1825 279 1909 magis
311 1825 440 1891 uidetur
468 1829 559 1892 tutus
592 1828 764 1893 aduersum
794 1828 946 1893 fortunae
977 1825 1166 1904 incommoda,

176 1916 286 1980 utrum
315 1915 371 1999 qui
400 1914 497 1981 lautis
521 1917 625 2002 epulis
649 1939 775 2002 semper
797 1939 876 1983 usus
899 1919 948 1982 est
970 1939 1017 1981 an
1038 1915 1091 2001 qui
1110 1914 1167 1978 sin·

135 2021 161 2062 eo
176 2003 252 2086 plici
275 2003 387 2070 uictu?
456 2005 519 2070 109
547 2006 727 2090 pluribus
750 2005 926 2070 adsuerit
947 2027 1026 2090 pro:
1048 2001 1145 2070 adsuef
1158 2037 1166 2046 ·

176 2093 263 2157 eerit.
333 2095 396 2158 112
433 2116 507 2179 quo
544 2095 669 2181 magis
705 2094 766 2160 his
803 2094 948 2160 eredas.
995 2095 1075 2159 bene
1095 2089 1167 2176 quasi

175 2181 372 2262 persuaserit
393 2183 467 2246 iam.
537 2184 600 2250 116
637 2183 698 2249 edi
732 2185 819 2249 luee
854 2183 1034 2269 profesta
1068 2180 1166 2246 idest:

174 2289 242 2333 non
265 2289 363 2334 saera.
434 2272 497 2337 123
520 2273 703 2356 posthoc
730 2273 845 2338 ludus
874 2276 965 2338 erat.
1012 2268 1167 2356 siquando

174 2356 275 2421 libere
296 2362 410 2441 potare
437 2361 594 2426 uolebant
620 2361 745 2446 antiqui
772 2361 806 2426 id
834 2361 976 2426 estsine
1000 2357 1166 2444 arehiposia,

133 2463 161 2508 25
176 2445 327 2510 dieebant
350 2461 384 2512 se
402 2449 594 2534 magistram
607 2449 712 2514 faeere
727 2449 863 2534 eulpam.
925 2450 989 2515 124
1013 2471 1054 2515 ae
1074 2467 1167 2512 uene-

175 2538 260 2599 rata
283 2534 412 2602 Ceres:
439 2543 556 2624 rogata
578 2538 694 2604 deinde
718 2536 827 2622 Ceres,
855 2542 892 2603 ut
914 2534 1166 2623 perseueraretin

174 2624 334 2691 fructibus
357 2626 403 2690 ita
426 2631 463 2692 ut
486 2650 520 2693 se
536 2627 731 2712 ostenderat,
753 2626 922 2692 tristitiem
937 2627 1086 2712 explicuit
1097 2624 1165 2687 uino.

175 2717 207 2777 et
230 2718 418 2780 uenerata
441 2717 573 2801 passiue
595 2716 830 2802 significatione
853 2716 972 2802 posuit,
994 2719 1032 2781 ut
1052 2711 1166 2796 Uergi·

174 2802 265 2866 lius:
289 2800 510 2890 Cursusque
534 2805 643 2870 dabit
665 2808 852 2870 uenerata
875 2805 1072 2870 secundus.
1117 2797 1164 2863 121

132 2912 245 2965 „oues
269 2912 288 2956 ο
311 2894 420 2975 pueri
442 2893 622 2959 nituistis
646 2896 688 2957 ut
709 2894 782 2958 hue
804 2914 930 2959 nouus
947 2893 1080 2960 incola.
1104 2886 1165 2952 Um·

179 3014 380 3025 Ἥ

245 3064 378 3120 errand.
398 3073 423 3136 1,
443 3073 468 3138 1,
486 3072 521 3122 aa
593 3073 627 3123 ee
646 3067 715 3122 Aen.
735 3072 760 3136 a,
779 3073 832 3122 460

244 3242 451 3298 3luxon0aum
470 3244 508 3301 M
569 3245 709 3300 dauditrs
727 3245 767 3299 M
828 3246 907 3300 tte:
924 3263 955 3300 re
975 3246 1013 3300 M
1065 3240 1162 3306 elaqre

174 3313 212 3367 M
245 3313 613 3384 platusetqurudraumaM
646 3321 661 3369 7
672 3318 771 3372 rosum
780 3317 962 3372 mremereM
995 3318 1162 3386 apostema

175 3383 309 3437 Plautus.-
328 3400 413 3453 quam
432 3386 468 3440 ob
486 3393 564 3441 rem?
617 3386 729 3441 faeiem.
765 3387 920 3456 pendulum
939 3388 983 3457 M,
1000 3385 1095 3442 faeiem
1109 3395 1161 3448 pen·

174 3451 255 3504 silem
272 3455 349 3508 codd.
370 3455 472 3510 Plauti
540 3463 573 3511 10
595 3473 703 3528 pauper
721 3457 771 3512 sed
788 3457 931 3513 Hauttul:
961 3471 1086 3528 pauperis
1101 3453 1121 3506 d
1136 3445 1163 3501 Μ

172 3563 180 3574 .
245 3526 279 3600 ,¹4
301 3523 358 3577 tres
377 3525 415 3576 M
469 3527 800 3598 15parendopr1sp101s
820 3528 859 3582 M
893 3536 927 3584 16
946 3527 1021 3598 quod
1038 3525 1126 3597 egente
1141 3533 1162 3570 1³

173 3588 288 3656 publiea
307 3609 325 3658 ς
351 3600 404 3666 20
423 3595 509 3649 adsue
527 3595 595 3650 feeit
613 3597 653 3651 M
704 3599 796 3653 alhre
815 3599 854 3652 M
896 3607 930 3655 22
949 3598 1044 3655 edulee
1061 3591 1163 3667 protesta

175 3658 214 3712 M
264 3663 299 3713 30
316 3677 382 3729 purr
399 3665 558 3720 mentumtra
578 3665 617 3720 M
