2378 3934
167 163 229 227 198
485 162 605 218 sunno
620 162 641 230 Ι,
660 169 685 230 a,
705 167 855 217 rao-130.

164 348 242 411 que.
302 326 389 411 quod
416 325 456 389 ad
484 347 535 388 me
562 325 736 409 pertineat,
762 324 883 409 iuquit,
910 346 972 410 ego
1000 327 1086 389 certe
1108 346 1164 388 nou

163 415 289 493 faciam,
307 419 344 479 ut
362 414 474 479 malim
495 414 794 502 tentiginerumpi,
818 435 914 498 quam
937 415 969 478 in
997 414 1165 498 quamlibet

163 507 383 569 occurrentem
406 503 632 568 necessitatem
654 501 799 566 libidinis
828 503 998 567 effundere.
1044 511 1165 567 namet

162 593 252 658 illam
266 594 361 676 malo,
384 615 448 676 qua
461 591 555 656 facile
569 591 668 676 potiri
681 591 813 675 possim.
869 592 934 656 120
956 592 1066 656 illam
1089 597 1164 674 post

136 683 279 766 ⁵paulo
303 681 367 746 sed
390 681 513 764 pluris
538 681 570 744 si
593 679 733 744 exierit
760 681 820 745 uir
848 679 981 745 Gallis.
1027 680 1108 744 haee
1129 681 1168 743 di-

164 771 359 856 stinguenda
382 773 467 854 sunt,
490 773 527 833 ut
549 769 678 853 singula
699 771 859 854 legantur.
881 770 930 834 ita
946 770 1078 834 demum
1093 771 1167 832 enim

163 859 431 945 significabuntur
458 859 558 923 uerba
580 858 663 942 eius,
692 881 775 943 quae
799 881 833 923 se
856 880 976 944 magno
999 859 1122 922 uendat
1143 863 1169 921 et

161 948 338 1013 differendo
370 951 547 1013 amatorem
584 947 782 1032 cupidiorem
819 948 869 1013 sui
904 948 1012 1012 faciat.
1073 945 1168 1010 Gallis

162 1039 271 1101 autem
284 1037 344 1101 has
363 1037 408 1102 ait
422 1037 562 1121 aptiores
578 1057 656 1121 esse,
680 1037 755 1121 quia
768 1036 978 1102 Philodamus
992 1036 1168 1120 Epicurius,

122 1143 148 1182 10
162 1126 253 1190 ouius
277 1149 407 1191 sensum
429 1126 609 1210 transtulit,
639 1127 763 1211 relegat
790 1127 871 1189 tales
896 1127 937 1191 ad
960 1125 1088 1209 Gallos,
1121 1127 1169 1209 qui

161 1235 280 1300 magno
309 1215 467 1279 adulteria
494 1217 679 1280 mercantur
709 1215 762 1279 uel
794 1219 927 1298 propter
956 1215 1089 1279 diuitias
1120 1217 1166 1279 uel

161 1303 606 1388 quodincensiorislibidinis
626 1304 700 1368 sint.
758 1304 820 1368 123
843 1308 885 1369 ut
908 1326 1028 1389 neque
1052 1304 1167 1389 longa

161 1415 230 1458 nee
258 1395 378 1479 magis
406 1393 494 1457 alba
520 1393 618 1457 uelit
645 1415 756 1476 quam
783 1393 849 1457 dat
878 1396 1016 1458 natura
1048 1394 1165 1457 uideri

159 1482 222 1547 hoc
250 1486 312 1547 est:
342 1504 423 1566 quae
452 1481 640 1566 simplicIter
667 1485 745 1567 agat
771 1503 831 1546 neo
859 1483 1088 1566 procerItatem
1113 1483 1164 1545 sibi

120 1573 303 1636 metaturae
332 1575 389 1635 aut
419 1571 502 1635 fucis
534 1573 674 1636 colorem
706 1571 891 1636 mentiatur.
983 1571 1047 1636 125
1079 1571 1165 1634 haec

160 1660 224 1723 ubi
248 1661 453 1744 supposuit
476 1659 610 1725 dextro
635 1682 772 1744 corpus
796 1661 890 1724 mihi
912 1662 1071 1725 laeuum.
1109 1661 1162 1724 hor

160 1750 217 1830 est,
240 1747 326 1832 quod
346 1747 517 1812 Lucilius
541 1749 588 1812 ait
610 1749 644 1812 in
668 1747 760 1812 VIII:
783 1748 833 1813 Et
856 1751 1033 1814 cruribus
1058 1770 1160 1814 crura

161 1835 382 1923 ὃιάλλαξον.
451 1837 513 1902 126
538 1837 583 1902 do
606 1859 745 1902 nomen
768 1838 971 1922 quodlibet
993 1839 1063 1903 illi.
1109 1841 1162 1902 ele-

160 1930 288 2010 ganter:
315 1927 404 2012 fingo
433 1926 513 1990 mihi
540 1927 575 1990 in
601 1927 744 1991 tenebris
772 1928 973 1992 meretricem
992 1928 1092 1992 illam
1116 1927 1161 1991 ali·

119 2033 146 2074 so
160 2037 257 2099 quam
289 2038 358 2080 esse
390 2016 429 2080 de
460 2015 630 2080 nobilibus.
682 2038 740 2100 per
772 2017 858 2100 quod
891 2017 1067 2102 signifieat,
1104 2039 1162 2080 uon

158 2103 315 2169 interesse
339 2127 421 2189 quae
444 2105 495 2188 sit,
518 2127 591 2169 cum
614 2125 685 2168 eam
707 2127 776 2171 non
798 2105 910 2171 uideas
933 2108 985 2171 uel
1007 2128 1080 2170 cum
1105 2129 1162 2170 om-

159 2191 249 2255 nium
277 2193 388 2257 eadem
417 2195 559 2278 corporis
587 2198 705 2259 natura
733 2195 783 2259 sit.
876 2196 938 2261 129
972 2196 1165 2280 uepallida

159 2279 260 2345 lecto
285 2282 446 2346 desiliat
468 2283 614 2356 mulier.
651 2284 806 2368 quidam
824 2287 1023 2370 putauerunt
1040 2285 1166 2370 uepalli-

160 2366 234 2432 dam
257 2392 344 2434 nunc
367 2392 466 2435 unam
488 2374 614 2456 partem
637 2373 793 2439 orationis
824 2396 894 2440 esse
917 2377 955 2439 ut
976 2373 1166 2460 Uegrandi

122 2476 148 2517 25
163 2457 299 2523 subere
337 2463 498 2544 coctum,
535 2461 621 2544 quod
659 2462 706 2526 ait
737 2463 893 2529 Persius
924 2463 1165 2547 Flaccus,‘ul

163 2545 323 2632 significet
347 2547 451 2613 ‘ualde
474 2549 617 2633 pallida',
641 2551 697 2615 sed
714 2552 795 2616 mihi
813 2553 940 2617 uidetur
954 2574 998 2616 ue
1013 2553 1165 2617 imitatiuo

80 2693 83 2701 .
162 2635 347 2702 charactere
377 2637 511 2721 dietum,
538 2643 575 2702 ut
602 2639 659 2704 illa
686 2641 874 2724 perturbata
900 2641 1010 2707 mariti
1032 2642 1165 2706 aduentu

162 2725 246 2790 haue
269 2727 511 2791 lamentationis
534 2749 648 2793 uocem
670 2729 822 2813 proferat.
906 2731 969 2796 130
999 2732 1164 2796 miseram

160 2835 198 2878 se
228 2816 384 2880 conseia
413 2816 560 2881 clamet.
619 2819 737 2882 ancilla
765 2818 902 2902 seilicet,
933 2841 1015 2905 quae
1044 2820 1165 2888 conscia

159 2949 375 2962 -——·-———-

233 3011 265 3060 17
284 3005 373 3064 Lucil.
392 3008 493 3080 fragm.
513 3007 590 3076 VIII,
609 3013 626 3061 4
699 3014 733 3063 25
751 3009 864 3064 Persius
885 3016 908 3078 1,
927 3016 962 3065 97

231 3174 245 3221 1
264 3169 365 3237 mqurd
384 3184 438 3239 ugo
458 3170 496 3222 M
580 3175 596 3222 2
616 3169 775 3236 quamhber
795 3171 833 3224 M
917 3177 932 3224 7
952 3187 1025 3239 quae
1044 3188 1072 3226 ro
1090 3173 1160 3240 (quae

158 3241 247 3307 rem?)
266 3255 329 3293 nos:
348 3256 434 3309 quare
455 3241 493 3292 M
566 3239 666 3294 uendit
685 3239 724 3293 M
802 3249 818 3296 9
837 3257 868 3296 as
884 3242 946 3296 hart
965 3244 1114 3310 aptioresse
1132 3239 1165 3293 M

230 3309 380 3364 filodamus
400 3311 439 3362 M
515 3317 549 3364 10
568 3326 635 3364 cuus
655 3310 695 3362 M
770 3316 802 3365 16
821 3311 916 3366 leuum
936 3313 974 3366 M
984 3324 986 3327 “
1046 3319 1078 3368 18
1096 3306 1162 3366 διάλ-

154 3377 245 3440 ,regor
262 3380 307 3430 uel
325 3375 482 3444 disclusas
500 3396 564 3434 uos:
583 3380 727 3434 drallaxon
742 3381 781 3433 M
796 3386 821 3434 ct
839 3383 923 3437 codex
938 3384 1018 3440 Perre
1031 3384 1160 3444 Danista

160 3461 221 3498 com
235 3444 376 3529 dialloeon
390 3450 508 3504 casdem
523 3452 592 3504 alter
601 3456 681 3504 aetus
691 3450 774 3506 codes
788 3453 893 3522 tabeat,
903 3454 938 3509 L.
949 3455 1057 3510 Muller
1064 3453 1160 3522 scripsit

158 3513 332 3567 διαλλασσων
410 3525 444 3570 22
464 3519 608 3588 uepalhda
626 3537 659 3574 ea
677 3522 802 3590 uepalho
820 3541 854 3578 m.
879 3531 908 3581 2.
933 3541 1002 3582 corr.
1024 3527 1062 3580 M
1133 3529 1161 3576 23

158 3582 306 3636 muherem
325 3585 440 3650 quidem
460 3589 498 3642 M
568 3597 604 3642 24
622 3607 678 3644 una
698 3592 736 3644 M
805 3597 965 3666 uegrandrs.
984 3598 1114 3652 sububere

159 3656 193 3703 27
214 3651 368 3706 aduentum
388 3655 426 3706 M
496 3665 530 3712 28
549 3658 762 3716 lamentacroms
782 3665 821 3717 M
891 3671 924 3721 29
944 3668 1075 3722 ancillam
1093 3667 1126 3720 M
