2416 3934
141 135 182 199 ro
504 135 577 191 oua
595 136 630 204 Π,
650 140 683 190 22
703 135 731 190 ee
750 140 791 192 re.

140 297 257 364 occidit
271 301 379 362 autem
394 302 509 364 octauo
525 299 648 363 decimo
671 298 827 362 kalendas
840 297 1044 383 Februarias,
1068 299 1151 383 quod

137 391 267 471 tempus
295 386 331 450 in
357 387 462 452 undas
487 387 579 472 quasi
602 387 788 452 dominatur
810 387 845 451 id
867 390 918 452 est
941 387 1053 453 saeuit
1099 387 1152 452 sed

139 475 351 560 Hesperiae
383 477 508 541 undae
541 476 662 560 quare?
693 475 757 540 nisi
788 475 874 541 forte
906 477 979 541 uult
1010 475 1153 560 intellegi

142 585 293 630 occasum
307 564 393 650 signi
406 565 502 630 huius
518 565 623 650 magis
643 565 767 630 saeuire
785 564 1033 650 tempestatibus
1057 587 1153 648 quam

114 655 263 737 ⁵ortum,
295 656 334 719 ut
364 675 422 739 per
453 653 644 738 Hesperiam
675 655 797 719 undam
829 653 998 720 occiduam
1029 655 1154 738 partem

141 741 263 807 Oceani
285 746 318 807 et
340 764 380 806 ex
401 764 441 806 ea
463 763 614 808 occasum
637 744 716 808 astri
738 743 835 808 huius
857 741 1098 828 intellegamus.

140 831 184 896 22
220 834 258 895 te
293 830 399 895 Iouis
435 830 552 915 impio
589 833 714 896 tutela
747 829 917 896 Saturno
952 830 1153 917 refulgens

140 919 294 1003 eripuit.
353 920 446 984 aiunt
468 917 600 985 Saturni
627 921 755 986 stellam
781 919 936 986 infestam
958 941 1029 984 ease
1052 920 1152 985 homi-

139 1006 245 1092 nibus,
267 1006 355 1073 Iouis
371 1005 487 1074 'autem
510 1031 528 1074 e
551 1010 713 1074 contrario
733 1008 987 1092 saluberrimam,
1012 1006 1151 1074 Saturno

99 1096 282 1249 crac
297 1095 1154 1274 siccaturus

138 1273 327 1339 ualitudinis
350 1297 454 1360 nuper
467 1275 689 1341 Maecenatem
711 1237 893 1360 libelatum,
915 1296 990 1340 cum
1013 1275 1057 1339 ob
1072 1275 1154 1339 hanc

139 1363 390 1448 gratulationem
417 1366 557 1449 populus
585 1366 615 1430 ei
641 1365 678 1430 in
706 1365 835 1430 theatro
865 1365 1017 1448 plausum
1049 1363 1155 1448 edidit,

138 1451 314 1536 eodemque
334 1453 481 1518 similiter
494 1457 640 1539 tempore
655 1457 688 1519 et
701 1475 736 1519 se
749 1453 969 1537 periclitatum
982 1453 1153 1537 repentino

99 1540 264 1606 narboris
293 1562 384 1626 casu,
412 1541 452 1606 de
482 1565 546 1626 quo
577 1563 676 1628 supra
701 1543 829 1608 locutus
857 1544 916 1606 est.
975 1541 1022 1606 ita
1047 1545 1154 1606 autem

138 1629 224 1693 idem
254 1629 377 1712 attulit,
407 1633 445 1694 ut
473 1631 554 1696 illud
583 1632 750 1715 probaret,
782 1630 868 1714 quod
899 1651 998 1715 supra
1029 1629 1154 1696 dixerat

137 1719 341 1801 utrumque
371 1722 548 1784 nostrum
570 1719 797 1786 incredibili
819 1719 931 1784 modo
956 1719 1155 1784 consentit

138 1808 293 1871 astrum.

551 1893 623 1948 oua
643 1900 668 1962 2,
689 1900 732 1950 18.

98 2020 124 2060 2ο
226 1999 312 2066 Non
331 2003 425 2067 ebur
442 2023 563 2088 neque
586 2025 741 2067 aureum
763 2024 845 2066 mea
866 2002 961 2067 reni.
998 2003 1039 2066 in
1058 2001 1089 2068 d.
1111 2004 1154 2067 la

136 2088 217 2152 haec
240 2083 310 2176 ᾠδὴ
333 2091 369 2156 in
392 2092 626 2156 continentiam
644 2091 804 2174 scribitur,
826 2113 884 2176 per
903 2112 1001 2175 quam
1018 2111 1155 2176 pauper·
1195 2115 1196 2150 1

137 2171 239 2240 t'atem
262 2199 353 2242 suam
376 2180 527 2244 omnibus
550 2180 670 2244 diuitiis
699 2179 849 2265 praefert.
949 2180 972 2244 2
999 2181 1154 2244 renidet

138 2262 317 2346 [redinet]
351 2265 478 2354 ‘fulget'
511 2268 681 2353 significat.
759 2269 779 2333 3
807 2289 885 2333 non
912 2268 1046 2334 trabes
1078 2269 1155 2352 Hy·

128 2353 301 2418 mettica.
366 2355 496 2420 trabes
524 2356 749 2440 Hymettiae
778 2359 829 2438 [r]
866 2378 1009 2422 marmor
1036 2357 1155 2422 Achai·
1194 2379 1195 2396 ¹

99 2460 125 2499 ss
139 2460 211 2542 cum
239 2441 329 2544 dicit,
355 2445 443 2528 quod
470 2446 614 2510 caeditur
639 2446 675 2510 in
702 2445 860 2529 Hymetto
890 2450 1002 2510 monte
1024 2445 1155 2548 Atticae

138 2548 328 2686 ididia
345 2533 986 2708 ttutttutlttlttttttt
1005 2535 1155 2708 ,tlt
1193 2551 1194 2618 ¹

139 2705 282 2775 interior.
350 2711 516 2800 bneque
539 2713 666 2778 Attali
688 2714 850 2800 ignotus
873 2712 985 2776 heres
1008 2713 1154 2798 regiam

140 2801 333 2882 occupaui.
366 2801 497 2868 Attalus
519 2825 577 2868 rex
590 2801 688 2867 Asiae
710 2800 858 2884 Perenna
878 2800 1040 2886 regnauit,
1064 2801 1154 2866 cuius

99 2901 127 2941 ao
140 2881 351 2955 hereditatem
378 2893 517 2976 populus
542 2891 710 2956 Romanus
737 2890 830 2974 cepit.
885 2888 1020 2953 dicendo
1045 2894 1154 2954 autem
1191 2943 1192 2968 ,

138 2968 248 3037 heres
273 2981 306 3041 et
324 2982 509 3066 occupaui
528 2980 744 3065 suspicionem
758 2979 823 3064 dat,
846 2999 910 3062 qua
924 2977 1154 3059 existimemus,
1191 2975 1192 3062 l

136 3055 219 3122 falso
242 3065 439 3134 testamento
461 3069 628 3135 Romanos
651 3069 737 3134 hanc
760 3067 822 3132 sibi
844 3066 1058 3132 hereditatem
1080 3067 1151 3131 uin·

136 3142 268 3215 dicasse.
361 3159 378 3221 7
416 3181 485 3224 neo
517 3159 737 3224 Laconicas·
765 3155 860 3220 mihi
891 3155 1056 3220 trahunt
1087 3155 1154 3220 ho·

135 3237 269 3302 nostae
292 3266 323 3327 p.
347 3269 373 3312 c.
408 3247 470 3312 hoc
489 3248 545 3312 illo
568 3246 717 3334 pertinet,
740 3244 835 3331 quod,
853 3247 1036 3328 praetextas
1053 3249 1151 3329 togas

135 3352 351 3381 Ἃ

208 3411 418 3475 lfaebruaras
434 3421 472 3474 M
523 3421 758 3490 ebromagum
811 3425 843 3474 13
857 3417 1025 3488 populosam
1037 3417 1152 3474 theatro
1189 3413 1190 3508 l

136 3470 175 3524 M
226 3489 280 3562 ‚15
299 3489 330 3544 n
348 3493 443 3546 autem
460 3492 542 3546 ideo?
606 3497 639 3546 22
659 3493 737 3546 nens
757 3491 796 3544 ru
860 3491 914 3544 sca.
932 3507 961 3543 a.
980 3494 1081 3558 apost
1098 3491 1153 3544 sa.

135 3557 163 3594 α·
183 3549 201 3599 3
219 3557 303 3612 mM
376 3567 411 3615 24
428 3561 579 3631 hymetrae.
598 3581 620 3618 r.
636 3563 675 3616 M
744 3567 780 3616 25
797 3559 890 3615 editur
909 3561 947 3614 M
1016 3559 1096 3614 nudo
1118 3559 1189 3612 M

208 3624 356 3701 3Ocoep1t
376 3632 414 3686 M
