2416 3934
167 119 208 185 18
536 115 700 184 0DE1,12
736 115 749 168 t
768 120 810 168 13.

165 283 283 368 quitur.
327 303 406 346 nam
432 280 509 344 dum
535 278 696 344 rationem
722 275 848 342 inducit
877 297 937 360 pro
960 276 1179 342 incolumitate

166 377 263 456 atque
290 369 426 453 imperio
449 367 607 454 Augusti,
638 364 718 430 mire
749 365 797 432 illi
828 364 988 430 honorem
1025 365 1195 450 indulget*

165 460 289 525 dicens:
312 459 380 523 sine
402 456 542 522 Parthos
566 454 728 520 domuerit
750 454 818 519 siue
838 449 934 518 Seres
957 457 1056 540 atque
1074 452 1180 538 Indos,

164 548 269 614 nihilo
292 547 400 612 minus
422 545 484 610 tibi
507 543 636 628 Olympi
658 563 796 629 regnum
825 545 860 607 et
880 541 1064 608 tonitruare
1087 547 1179 626 atque

138 637 339 703 sfulminare
370 634 545 720 permittet.
588 687 590 690 ι
638 632 681 698 58
705 636 745 697 tu
769 631 881 716 graui
904 653 931 696 o.
952 654 984 716 p.
1008 653 1038 715 q.
1062 653 1088 697 c.
1123 631 1196 716 hoeP

167 727 344 792 secundum
366 723 535 808 uulgarem
558 721 745 806 opinionem
768 719 893 786 dicitur.

583 895 656 952 oon
677 902 701 963 1,
721 901 762 950 ιι.

256 1006 347 1073 (lum
364 1009 406 1071 tu
424 1005 545 1091 Lydia
563 1004 780 1087 [ceruicem]
799 1003 961 1088 Telephi
980 1025 1005 1068 c.
1019 1025 1046 1069 r.
1060 1009 1099 1069 et
1118 1006 1138 1069 1.
1152 1003 1197 1069 b.'

167 1098 209 1162 ad
231 1095 367 1182 Lydiam
390 1095 562 1160 amiculam
586 1115 679 1159 suem
705 1092 786 1157 hsec
814 1091 941 1177 scribit,
967 1115 988 1157 a
1011 1115 1077 1178 qua
1100 1094 1180 1158 riua-

127 1187 231 1251 ulem
256 1207 350 1251 suum
369 1183 547 1268 Telephum
569 1181 695 1248 laudari
717 1181 852 1246 moleste
875 1181 960 1246 ferre
982 1185 1133 1248 testetur.

166 1277 189 1340 4
221 1273 386 1340 difficili
414 1273 500 1338 bile.
544 1291 711 1356 nunquam
743 1269 913 1335 difficile
945 1271 1094 1355 concipio
1129 1272 1180 1336 scd

168 1364 265 1430 ‘dura
288 1366 321 1428 et
342 1360 533 1446 cruciabili',
564 1360 650 1426 unde
673 1359 771 1424 etiem
793 1358 940 1424 difficiles
963 1359 1114 1425 homines
1139 1361 1181 1424 di-

168 1457 298 1537 cuntur,
330 1452 385 1538 qui
408 1451 480 1515 duri
503 1453 601 1535 etque
622 1447 838 1514 inexorabiles
862 1451 947 1512 sunt.
992 1448 1101 1514 iecur
1124 1471 1181 1533 pro

168 1541 264 1606 eorde
286 1533 418 1624 ἀφελῶς
437 1539 472 1604 id
495 1542 544 1603 est
568 1537 763 1623 simpliciter.
823 1537 843 1602 6
866 1557 974 1601 umor
995 1541 1034 1602 et
1055 1539 1097 1604 in
1121 1559 1182 1624 gc-

127 1649 237 1696 renue
264 1628 304 1693 fl.
333 1650 360 1694 a
384 1650 412 1712 q.
435 1628 510 1712 lp.
533 1627 618 1692 mi.
655 1625 768 1692 decore
796 1624 931 1711 dictum,
962 1627 1038 1710 quia
1064 1627 1183 1693 humor

168 1739 325 1804 genarum
337 1717 400 1782 hoc
414 1719 464 1782 est
482 1717 634 1782 lacrimae
652 1717 851 1780 conuincunt
868 1714 1024 1780 interiore
1041 1718 1199 1800 pectorisl

167 1808 232 1872 mei
255 1827 364 1871 amore
389 1805 537 1892 flagrare.
581 1805 699 1870 lentis
732 1807 840 1868 autem
871 1803 1031 1890 ignibus
1063 1804 1182 1870 diserte

169 1897 261 1981 quasi
290 1895 424 1962 ‘occulte
447 1891 686 1960 saeuientibus'.
730 1894 824 1978 quale
853 1893 935 1960 illud
966 1897 1017 1958 cst
1042 1891 1182 1980 Uergi·

167 1986 327 2051 lienum:
363 1983 415 2049 nt
439 1985 602 2050 tacitum
629 1983 732 2048 uiuit
759 1982 829 2047 sub
852 1986 1010 2066 pectore
1032 1983 1183 2048 uulnus.

128 2095 155 2134 eo
238 2075 279 2139 12
302 2074 491 2158 inpressit
512 2095 554 2137 m.
578 2073 607 2137 d.
630 2072 651 2136 l.
673 2094 705 2136 ιι.
739 2074 831 2158 grute
855 2070 1046 2136 ‘memorem
1068 2076 1200 2139 notam

168 2163 264 2228 deute
295 2161 473 2245 inpressit',
505 2161 659 2245 quoniam
689 2159 798 2226 dolore
828 2181 969 2226 morsum
999 2181 1183 2227 commone-

167 2251 247 2315 fecit
269 2249 347 2334 eius,
369 2250 425 2334 qui
438 2249 656 2316 momorderit.
684 2318 691 2326 ,
718 2249 759 2313 13
781 2271 858 2314 non
882 2250 913 2314 si
936 2271 993 2314 me
1016 2271 1041 2314 s.
1060 2271 1088 2314 a.
1107 2273 1132 2316 s.
1152 2275 1184 2335 p.

168 2339 198 2403 d.
216 2339 247 2402 b.
271 2337 364 2403 ordo:
387 2360 456 2403 non
479 2360 587 2423 speres
611 2342 812 2423 perpetuum,
836 2339 864 2403 si
886 2360 938 2403 me
957 2336 1036 2404 satis
1055 2338 1183 2422 cudiss3

168 2432 202 2492 et
225 2426 479 2492 subaudiendum
502 2427 700 2493 extrinsecus
728 2426 938 2493 ‘amatoremt
1022 2427 1065 2492 15
1087 2451 1185 2513 quae

128 2536 156 2576 ee
170 2514 300 2582 Uenus
324 2516 460 2601 quinte
482 2539 513 2601 p.
537 2539 561 2582 s.
584 2538 616 2581 n.
639 2517 659 2582 i.
683 2539 709 2582 e.
746 2518 911 2602 eleganter
934 2517 1010 2604 quia
1032 2517 1067 2582 in
1090 2519 1184 2602 quin-

169 2628 231 2692 que
257 2607 366 2690 pertes
395 2606 513 2671 emeris
540 2605 663 2670 fructus
691 2628 763 2672 esse
789 2606 929 2690 partitus
956 2605 1073 2670 dicitur
1107 2608 1183 2671 uisu

169 2695 321 2781 adloquio
344 2698 433 2760 tectu
457 2695 566 2760 osculo
591 2695 771 2760 concubitu.
814 2694 900 2760 unde
923 2698 956 2760 et
979 2694 1183 2760 Terentia-

168 2807 256 2849 num
274 2783 355 2848 illud
373 2788 436 2850 est:
459 2783 791 2873 Tamen-extreme
807 2784 914 2849 linea
938 2805 1066 2849 amere
1087 2784 1185 2848 haut

241 2966 273 3014 re
292 2960 362 3013 Aen.
381 2965 406 3028 ι,
426 2965 460 3014 cr
532 2966 566 3016 ee
585 2959 656 3014 Eun.
676 2965 701 3029 r,
720 2965 746 3028 r,
766 2965 799 3014 12

242 3126 255 3173 1
275 3119 433 3175 orationem
450 3119 545 3203 Pauly
626 3117 740 3174 8telef1
759 3119 797 3172 M
875 3125 891 3173 9
910 3119 1030 3175 emicem
1049 3140 1067 3190 ς
1150 3128 1184 3175 10

167 3189 286 3245 telefum
304 3191 344 3245 M
450 3196 481 3244 11
507 3189 616 3245 difficili
631 3221 665 3230 —
683 3195 720 3244 13
739 3191 805 3245 sunt
827 3190 859 3244 iu
878 3190 916 3244 M
929 3197 993 3259 pou
1015 3196 1050 3245 14
1073 3192 1183 3262 simpli-

168 3261 239 3318 citer
257 3262 386 3332 loquetur
467 3260 583 3318 difficile
601 3261 660 3316 bile
679 3262 718 3315 M
806 3267 840 3315 ιι
858 3260 945 3316 crude
961 3261 1031 3318 bili?
1050 3262 1129 3318 unda
1147 3264 1185 3316 M

241 3338 275 3387 14
292 3332 323 3386 id
341 3333 395 3388 cst:
415 3331 453 3386 id.
474 3331 512 3386 M
583 3331 714 3402 nequis:
738 3348 859 3402 arguens
878 3333 972 3404 Pauly
1044 3339 1080 3389 20
1097 3351 1135 3388 ιιι.
1155 3333 1184 3388 d.

167 3403 186 3458 1.
205 3421 250 3459 nc
269 3403 336 3458 mul.
355 3402 390 3458 N.
411 3403 450 3456 M
537 3405 649 3473 gratem
671 3419 824 3458 memorem
841 3404 1043 3459 retundentem
1061 3405 1184 3473 praescit

168 3475 207 3530 M
294 3479 327 3528 21
348 3473 444 3528 dolore
466 3488 589 3528 morsum
612 3473 826 3529 commonefecit
848 3489 911 3529 noc:
933 3475 1022 3530 dolon
1040 3492 1103 3531 mor
1121 3493 1184 3530 sum

167 3561 344 3601 communem
362 3545 433 3598 facit
452 3543 491 3597 M
575 3550 608 3598 22
628 3561 673 3600 me
692 3563 713 3600 s.
733 3562 757 3600 a.
778 3563 812 3600 s:
831 3561 882 3599 nas
902 3545 940 3599 M
1028 3552 1062 3600 2⁷
1082 3563 1184 3602 concu-

166 3617 227 3671 brto
247 3616 286 3669 M
356 3620 390 3669 28
408 3617 504 3670 tamen
523 3613 573 3668 M:
592 3617 667 3670 certe
687 3616 809 3672 Terentii
827 3615 902 3672 codd.
973 3619 1023 3671 aut
1042 3617 1081 3670 M
