2426 3934
161 56 226 119 342
442 57 622 111 EPISTULA
640 59 672 124 ll,
693 65 717 125 -2,
738 65 885 114 lea-208.

161 221 229 284 bus
253 220 351 285 olim.
397 221 418 299 †
446 220 654 304 quinquatres
682 243 702 284 a
728 221 934 306 quinquatria
960 223 1085 310 diebus,
1110 227 1156 310 qui

159 308 228 373 dies
256 309 297 373 ad
323 309 421 374 ferias
449 308 615 374 Mineruae
647 309 812 393 pertinent
842 315 975 396 propter
1002 335 1054 396 ea,
1083 316 1156 397 qnod

159 394 234 484 [est]
258 399 344 463 festa
367 399 554 464 solemnitas
577 398 646 462 eius
669 398 749 462 deae
771 421 830 484 per
851 401 914 466 hoc
933 402 1074 486 spatium
1088 407 1156 466 tem-

158 488 247 571 poris
271 487 459 552 celebratur.
504 490 541 551 ut
563 487 664 572 igitur
686 489 778 571 pueri
801 489 878 554 ludo
901 489 1020 555 intenti
1040 491 1157 554 insatia-

132 576 267 640 ⁵biliter
295 580 431 642 utuntur
453 577 504 642 his
527 576 628 660 feriis,
655 577 703 640 ita
726 580 759 641 et
780 580 831 662 tu,
853 578 974 663 inquit,
997 580 1158 645 moriturus

159 665 274 751 exiguo
298 667 385 731 uitae
408 671 553 751 tempore
573 665 693 749 raptim
711 667 935 751 uoluptatibus
954 669 1099 753 plurimis
1116 669 1160 732 de-

157 754 286 819 frueris,
332 757 424 821 olim
447 759 555 820 autem
577 777 665 819 nunc
688 777 764 840 pro:
788 778 924 841 semper.
995 757 1059 822 199
1081 780 1160 842 pau-

158 845 285 927 peries
308 845 328 909 i.
350 845 570 929 pauperies:
594 847 730 930 egestas.
775 867 852 909 nam
875 850 1052 930 paupertas
1075 848 1160 911 etiam

157 932 313 998 honestae
335 934 552 1018 parsimoniae
580 954 700 998 nomen
723 937 773 999 est
795 937 828 998 et
850 939 1029 1020 usurpatur
1051 936 1086 1000 in
1106 936 1161 999 for-

118 1024 238 1086 1⁰tuna
261 1022 424 1088 mediocri.
491 1023 554 1088 201
579 1045 657 1087 non
680 1023 829 1108 agimur
850 1025 1023 1089 tumidis.
1069 1024 1160 1088 adhuc

156 1111 193 1175 de
220 1111 430 1177 mediocrium
457 1112 662 1177 fortunarum
689 1111 777 1177 bono
805 1113 957 1196 loquitur.
1013 1113 1161 1178 tumidis

157 1200 255 1264 uelis
287 1201 478 1284 Aquilone
511 1201 676 1266 secundo
709 1201 743 1265 id
780 1205 842 1266 est:
879 1203 982 1268 nimia
1020 1203 1161 1267 felicitate

157 1291 255 1354 uenti.
301 1293 334 1354 et
360 1290 442 1355 bene
469 1291 504 1354 in
531 1290 686 1376 allegoria
713 1291 947 1376 perseuerauit,
976 1293 1054 1377 quia
1076 1315 1163 1375 supra

157 1398 275 1444 nauem
298 1379 431 1444 dixerat.
494 1379 559 1444 203
583 1379 735 1444 uiribus
758 1380 918 1465 ingenio
943 1382 1073 1465 specie
1095 1381 1162 1444 uir·

119 1479 145 1520 1⁵
158 1469 242 1532 tute
274 1469 359 1534 loco
393 1472 426 1533 et
453 1473 567 1534 cetera.
615 1469 785 1554 ingeniose
812 1469 998 1555 descripsit,
1027 1469 1103 1554 quid
1128 1471 1163 1532 sit

112 1609 115 1612 .
156 1555 254 1621 homo
278 1558 457 1641 mediocris,
478 1558 588 1622 dicens
607 1557 801 1623 mediocrem
815 1581 894 1642 esse,
917 1561 973 1642 qni
993 1561 1038 1624 sit
1051 1582 1071 1622 a
1089 1581 1162 1622 sum·

156 1646 219 1709 mis
241 1646 357 1729 minor,
379 1647 421 1710 ab
443 1647 561 1710 infimis
584 1648 697 1711 maior.
765 1647 831 1712 205
859 1670 935 1713 non
958 1671 998 1713 es
1023 1669 1162 1712 auarus.

156 1755 233 1798 non
260 1757 312 1798 es:
341 1737 531 1820 [usurpatur
557 1736 593 1800 in
620 1736 752 1800 fortuna
779 1737 954 1818 mediocri].
1013 1739 1095 1818 facit
1113 1757 1159 1819 po

157 1817 337 1910 ὑποφορὰν
364 1824 614 1909 respondentem
642 1847 731 1890 more
755 1826 969 1911 satiricorum,
992 1828 1052 1912 qui
1074 1827 1162 1891 dicat:

117 1927 144 1967 ²⁰
158 1913 276 1978 scimus
302 1917 336 1978 te
363 1935 432 1980 non
458 1935 527 1978 esse
559 1936 703 1978 auarum.
757 1915 839 1979 uada
872 1937 1004 1980 securus
1040 1917 1079 1980 de
1109 1915 1162 1979 hoc

157 2002 237 2086 ipso.
283 2004 338 2068 sed
362 2003 439 2087 quid
462 2003 594 2088 prodest
617 2026 751 2068 auarum
773 2006 806 2068 te
830 2025 999 2088 nonense,
1025 2005 1054 2070 si
1072 2005 1106 2069 in
1121 2025 1162 2067 ce·

156 2093 235 2156 teris
257 2093 371 2157 haeres
393 2093 482 2158 uitiis
506 2114 544 2156 ac
566 2092 709 2157 teneris?
755 2093 846 2176 quid
870 2096 1000 2157 cetera
1024 2095 1100 2158 iarn
1121 2093 1162 2155 si·

157 2182 242 2244 mul.
300 2182 345 2245 sio
377 2181 654 2266 pronuntiandum
687 2184 749 2264 est,
784 2185 822 2246 ut
856 2182 1069 2268 intellegatur
1104 2203 1163 2246 non

157 2267 279 2353 fugisse
303 2270 366 2334 alia
389 2271 477 2335 uitia.
545 2271 611 2334 206
640 2273 746 2335 caret
767 2269 842 2335 tibi
865 2294 895 2356 p.
914 2265 937 2335 i.
960 2294 990 2336 a.
1037 2270 1161 2336 ambitio

117 2373 144 2416 11
157 2359 366 2443 popularibus
389 2359 476 2424 auris
496 2358 604 2423 dedita
622 2363 680 2424 est.
738 2359 804 2424 208
828 2361 977 2425 somnia
998 2364 1162 2425 terrores

158 2449 327 2534 magicos
351 2449 537 2514 miracula
561 2469 675 2534 sagas
698 2453 920 2513 nocturnos.
956 2449 1039 2514 haec
1063 2449 1163 2514 omnia

158 2537 198 2601 ad
222 2538 485 2623 superstitionem
507 2538 699 2602 referuntur.
744 2537 934 2603 miracula
955 2559 1057 2622 supas.
1094 2537 1161 2602 dicit

158 2648 254 2713 sagas
281 2627 430 2692 mulieres
458 2627 658 2710 magicarum
684 2649 791 2692 rerum
820 2630 853 2692 et
875 2628 1057 2692 carminum
1080 2627 1161 2706 scias,

157 2719 324 2800 tamquam
351 2717 429 2781 satis
457 2737 536 2802 agas
564 2721 597 2780 et
624 2717 761 2780 multum
789 2719 932 2802 agentes.
987 2719 1025 2780 ut
1057 2736 1161 2800 magos

231 2935 244 2980 1
264 2943 282 2980 a
304 2926 428 2996 quinque
451 2926 549 2981 diebus
574 2944 591 2994 ς
614 2927 736 2981 sclwlc'on
753 2928 854 2982 codicis
871 2927 1017 2997 Bamberp.
1037 2944 1131 2983 noma
1148 2943 1161 2977 o

160 2997 295 3067 ‘quinque
314 2998 384 3052 atris
402 2997 512 3052 diebus’
532 3003 622 3052 ortem
640 2998 716 3066 dicit,
735 2999 808 3067 meod
826 2997 914 3053 ‘Galli
931 2997 1027 3054 hostes
1047 2999 1161 3068 quinque

91 3101 93 3106 ·
159 3069 256 3124 diebus
274 3068 393 3124 Romam
411 3069 572 3124 tenuerunt’
670 3069 735 3124 5et
751 3071 784 3124 tu
802 3085 865 3124 coa:
883 3071 933 3124 aut
950 3071 1013 3124 turn
1033 3071 1071 3124 M
1149 3074 1161 3119 6

156 3139 295 3196 damnaris
312 3156 376 3196 nos:
394 3157 438 3195 res
456 3139 555 3194 fruaris
575 3141 612 3194 M
701 3141 788 3195 lect.
807 3141 845 3196 od
862 3159 890 3195 u.
909 3145 964 3196 199
979 3147 1044 3210 post
1060 3141 1112 3195 sot.
1130 3138 1162 3192 ad

156 3229 186 3266 a.
205 3217 263 3268 203
280 3213 313 3266 ia
332 3213 370 3265 M
466 3217 568 3266 9usur
585 3213 681 3280 patun
697 3209 808 3285 fortune
828 3213 867 3266 M
960 3219 992 3268 13
1012 3211 1089 3267 uenti
1106 3226 1162 3264 cos:

158 3283 319 3338 uehementi
339 3283 377 3336 M
448 3288 480 3336 15
498 3282 544 3336 luc
562 3283 592 3336 et
608 3284 704 3337 cetera
723 3283 761 3336 M
822 3283 898 3353 quod
918 3284 956 3338 M
1019 3290 1051 3338 17
1069 3299 1161 3338 auarus

160 3369 216 3406 non
234 3355 278 3437 est
297 3353 335 3406 M
419 3360 452 3426 18
470 3352 539 3406 facit
555 3369 606 3422 per
624 3354 725 3408 oddr'rlc'
780 3360 838 3435 Ι11)
856 3354 1003 3424 ypoforam
1023 3356 1060 3409 M
1078 3349 1160 3408 ἄνθυ·

158 3424 623 3560 111111111111111
676 3423 841 3551 titillat
855 3443 925 3550 ir*
938 3427 956 3480 ³·
968 3425 1161 3552 1111111111

160 3560 199 3610 Μ
268 3567 301 3614 27
321 3561 469 3616 miracula:
488 3562 595 3631 mireg
668 3583 750 3638 sagas
769 3567 868 3624 addidi
940 3575 974 3624 23
994 3585 1066 3642 gagg
1085 3567 1120 3626 Μ
