2378 3934
186 107 253 172 258
505 62 626 164 sonno
644 105 678 173 11,
697 111 722 172 e,
741 109 891 160 sir-oss.

189 269 378 336 orbiculatis
396 269 522 337 duobus
543 265 656 352 primis
679 287 866 350 compresse
888 265 998 352 digitis
1016 268 1133 334 mittere
1154 271 1171 327 ἰ

189 380 363 442 eumenum,
394 357 486 424 uelut
501 356 722 440 unguentes,
754 353 783 418 si
814 376 974 421 cameram
996 355 1170 440 contigerint

188 469 285 531 posse
309 445 433 532 sperari
455 445 496 512 ud
519 444 668 511 effectum
691 442 778 528 duci,
808 443 894 526 quod
918 443 1027 510 animo
1051 466 1167 528 conoepe

188 539 274 600 nunt
342 535 410 600 274
431 533 522 618 quid
544 555 626 600 oum
648 532 768 601 bulbo
793 531 891 598 feris
915 554 1062 600 annoso
1081 535 1171 597 uerb

162 626 338 709 spoleto:
361 622 447 708 quid,
470 643 543 690 cum
566 643 625 704 per
647 620 777 688 delicias
800 620 964 688 balbutire
986 621 1168 688 adfectasse

188 735 252 779 nex
274 715 307 778 et
329 711 466 797 puerilis
487 709 647 778 imitaris?
715 709 781 774 276
818 712 932 794 etque
962 710 1088 794 ignem
1116 711 1166 794 glo

189 800 260 867 dio.
324 795 568 883 Πυθαγορικὸν
600 801 650 864 est
689 798 776 882 Heio
815 801 989 884 μαχαίρᾳ
1026 793 1073 883 pl
1113 815 1168 862 oro

188 886 332 954 λεύειν.
431 889 494 954 277
542 909 624 954 cum
667 887 907 972 praecipitat
952 908 994 952 se
1037 888 1172 951 cerritu

188 977 274 1043 fuit.
319 976 503 1042 cerritus:
539 975 690 1045 limosus.
741 979 952 1042 commotae
989 976 1164 1040 montisi

148 1089 174 1130 ro
188 1070 238 1132 est
259 1067 404 1132 insonus.
484 1065 548 1130 281
585 1064 798 1130 libertinus
836 1067 924 1130 erat
957 1065 1025 1148 qui
1060 1064 1175 1130 cincun

188 1155 368 1238 compita.
411 1153 465 1222 hic
496 1152 613 1237 incipit
642 1151 683 1219 dc
714 1153 948 1236 superstitiosis
981 1155 1018 1218 et
1043 1153 1177 1238 roligio'

187 1243 285 1328 loqui.
344 1241 655 1326 coloniensum
678 1241 847 1324 compita
871 1241 1008 1307 siccus.
1037 1242 1172 1326 ubAngn

189 1335 240 1398 sto
263 1332 349 1398 euim
371 1333 456 1398 loros
478 1329 513 1395 id
535 1333 584 1394 est
607 1329 653 1397 dii
675 1329 843 1395 domestici
870 1329 906 1394 in
929 1330 1081 1414 compitis
1103 1331 1176 1414 posi·

188 1426 263 1486 sunt
285 1425 319 1486 et
341 1419 486 1487 libertini
508 1419 693 1486 sacerdotes
707 1417 784 1501 doti,
806 1418 863 1502 qui
874 1418 1076 1503 Augustales
1094 1419 1171 1502 appel

148 1508 249 1575 relati
270 1514 350 1576 ment.
431 1508 498 1574 284
539 1529 655 1574 sanus
684 1507 862 1590 utris-que
886 1507 1051 1572 auribus
1087 1512 1177 1591 etqn

187 1598 310 1663 oculis
333 1599 500 1661 mentem
526 1596 604 1661 nisi
626 1595 842 1680 litigiosus.
889 1596 966 1680 quio
988 1596 1026 1662 hi
1050 1597 1171 1681 quinon

187 1685 273 1754 dunt¹
294 1684 458 1769 mancipia
485 1684 591 1751 solent
621 1684 685 1750 hoc
712 1683 836 1750 adicere
870 1706 1007 1752 sanum
1040 1707 1177 1768 corpor

187 1777 225 1839 et
247 1774 374 1838 animo
405 1775 532 1856 putes.
575 1772 663 1839 hunc
690 1772 954 1856 superstitiosum
980 1777 1084 1860 negot
1105 1795 1177 1838 sona

186 1862 309 1928 mentis
342 1862 443 1928 fuisse
475 1865 507 1926 et
539 1861 618 1928 dicit
653 1861 824 1946 allegorice
857 1883 975 1929 sanum
1012 1885 1083 1928 esse
1113 1885 1167 1927 our

146 1949 1177 2124 ²⁰llflttuisstlltllsltzltl⁰milet{solli

185 2129 306 2212 ponit
350 2129 415 2194 hoe
439 2128 496 2194 cit:
520 2129 588 2196 eius
611 2127 699 2194 modi
717 2127 891 2196 stultorum
906 2128 1035 2212 copiam
1049 2131 1082 2194 et
1094 2127 1173 2193 multi

185 2217 332 2286 tudinem
354 2215 555 2302 Chrysippus
586 2215 800 2301 philosophus
831 2217 918 2282 inter
942 2215 1113 2284 Menenios
1139 2217 1174 2279 ho

186 2304 256 2370 beri
278 2305 364 2370 dicit.
409 2304 578 2372 Menenius
608 2307 718 2370 sutem
749 2303 815 2370 fuit
839 2303 907 2370 illis
927 2307 1127 2390 temporibus
1147 2306 1173 2367 iu

144 2421 172 2462 ιι
187 2413 295 2458 senus.
339 2395 392 2460 uel
415 2397 500 2461 certe
522 2393 667 2479 plebeios
690 2394 762 2458 urrlt
783 2393 927 2460 uideris
949 2391 1114 2479 Menenio,
1142 2416 1174 2476 qn

186 2485 335 2553 senatum
365 2486 399 2548 et
426 2484 583 2568 populum
617 2483 653 2548 in
684 2482 825 2568 gretiam
854 2482 991 2550 reduxit
1052 2483 1108 2550 scd
1131 2483 1173 2546 lle

184 2571 318 2638 nenium
340 2571 455 2639 melius
478 2571 635 2639 furiosum
658 2571 833 2656 accipimus
855 2572 909 2639 uel
922 2572 1033 2656 potius
1055 2573 1175 2638 stultum

185 2662 270 2729 unde
293 2661 460 2731 Messeniae
484 2661 641 2726 stultitiae
665 2661 718 2726 uel
740 2660 891 2744 ineptiae.
937 2665 970 2726 et
991 2662 1074 2726 mine
1091 2661 1173 2724 tecm

165 2750 260 2816 -dsm
284 2753 415 2835 gentem
437 2751 611 2817 stultorum
634 2749 681 2815 uit
703 2749 735 2814 id
759 2751 810 2815 est
831 2749 1056 2833 multiplicem
1101 2747 1174 2830 Chry

258 2907 467 2962 1sorbronlot1s
486 2907 525 2961 M
576 2921 734 2976 compressu
751 2922 814 2960 uos:
842 2922 1029 2975 compressere
1050 2907 1097 2975 M,
1124 2921 1173 2959 conr

185 2992 312 3046 pressere
331 3019 338 3032 .
358 3021 364 3032 .
384 2979 414 3033 et
430 2979 474 3032 uel
497 2993 697 3048 comprensog
769 2981 785 3030 ὁ
813 2994 864 3046 qur
881 2978 921 3031 Μ
990 2977 1172 3033 balbuttirel

258 3052 273 3101 7
303 3043 439 3108 ΜὸΧΕΡΗ
460 3049 499 3103 M
523 3049 558 3116 cf.
578 3048 661 3102 Gesta
682 3047 969 3104 nocumentum
1026 3054 1059 3104 10
1077 3062 1176 3101 mesnos

185 3135 255 3173 om.
272 3135 296 3174 r.
314 3120 382 3176 r'oev
400 3135 478 3186 corn,
498 3120 536 3173 M
598 3125 632 3174 10
649 3119 854 3174 hburtmusM
902 3125 935 3175 18
953 3120 1093 3188 potestte
1102 3117 1174 3187 posui

177 3195 245 3260 post
262 3195 302 3246 20
320 3205 435 3262 corpore
447 3195 493 3262 oct
508 3192 542 3246 oe
559 3191 604 3260 M,
623 3190 729 3259 animo,
747 3189 822 3246 hunc
842 3233 848 3244 .
869 3231 875 3243 .
894 3207 1009 3259 corpore
1026 3192 1108 3260 putes
1125 3207 1157 3268 ςΙ

185 3267 219 3314 22
238 3261 322 3316 modo
341 3262 379 3314 Μ
442 3267 476 3316 23
502 3277 664 3344 moenemos
681 3267 707 3316 et
728 3275 891 3344 moenemup
910 3261 949 3316 Μ
1020 3266 1053 3316 25
1070 3259 1177 3338 plebeio

181 3331 522 3470 dliellfflfflltetsai
541 3331 1176 3471 propppdpeoppdeppppppimaepp

58 3483 59 3488 ¹
257 3474 291 3520 25
318 3419 469 3524 memoli
538 3479 572 3527 28
584 3421 704 3545 qrnenip,
723 3491 759 3528 ne
777 3489 798 3529 e.
818 3453 889 3528 lym.
907 3490 941 3540 r.,
960 3421 1018 3530 ΜΡ
1064 3473 1173 3528 nubae

184 3534 255 3587 mire
275 3576 281 3588 .
301 3579 306 3590 .
327 3539 429 3594 stoicus
447 3540 502 3595 fuit
519 3543 563 3596 ln'o
576 3546 674 3610 posui:
691 3549 754 3612 post
772 3550 806 3600 26
828 3544 940 3600 reduxit
956 3550 1021 3601 cunr
1037 3545 1069 3598 in
1088 3543 1123 3596 M
1139 3561 1154 3608 ς

185 3609 220 3656 29
239 3607 359 3658 mentem
380 3609 416 3660 M
