2378 3934
234 125 698 196 EHfflfflnL1un-u1.
909 127 972 193 2&

10 289 104 373 uiegri
124 309 190 352 non
214 310 288 354 esse
311 292 424 374 aptum
443 290 575 371 ustibus,
598 291 728 374 quando
748 291 829 356 dixit
846 291 975 357 facilius

10 377 42 440 lie
66 378 147 460 piper
174 382 208 442 et
236 381 292 442 tus
320 399 417 462 quam
446 400 544 442 uuam
567 399 662 462 posse
685 380 847 464 progigni.
893 381 976 445 sieut

10 463 170 550 Uergilius:
208 465 345 534 Maria.
370 470 460 532 ante
497 487 656 532 exurere
694 465 823 532 Turno
865 491 976 552 quem

10 575 93 618 uires
114 554 271 620 dabitur
294 556 417 640 pinus.
462 559 494 620 et
518 558 567 620 est
590 554 678 620 ‘uua'
698 556 854 640 septimus
873 579 976 622 easus.

61 644 94 706 26
114 647 242 708 terrae
267 645 415 729 grauis:
438 640 562 728 ἄχθος
591 637 774 729 ἀρούρης.
819 666 1004 731 urgueszs

10 732 63 814 ussi
85 734 183 796 terrae
218 733 338 818 grauis.
420 735 462 798 27
496 733 708 820 bouemque
740 735 978 800 disiunctum

10 838 90 884 iuras:
111 821 387 905 otiosumpaseis.
442 823 486 888 30
504 823 625 886 multe
648 823 746 888 mole
770 823 845 888 dua.
884 824 978 890 docet

10 907 133 992 praefossis
155 910 355 976 tramitibus.
410 909 456 976 sic
488 911 565 975 alibi
596 911 666 994 ipse
699 912 738 976 de
770 913 869 978 fluuio
902 911 977 977 Do‘·

10 1001 58 1059 ilus
83 998 151 1062 iter
178 999 330 1064 melius.
397 1000 440 1064 32
463 1021 574 1084 quem
601 1003 738 1065 tenues
767 1001 796 1066 d.
823 1005 846 1066 t.
873 1002 977 1066 deest:

10 1105 37 1160 ia,
53 1091 82 1149 ut
101 1086 140 1150 sit
162 1087 260 1152 ordo:
284 1110 334 1152 me
358 1109 454 1172 quem
476 1091 589 1154 tenues
613 1089 748 1153 decuere
768 1093 877 1175 togae,
898 1111 978 1154 cena
993 1114 1019 1152 ιο

10 1171 76 1238 leuis
94 1176 191 1240 iuuat.
276 1176 319 1241 36
338 1197 411 1241 vnea
433 1178 593 1243 lusisse:
616 1176 745 1242 uidetur
768 1178 980 1263 amphibolon

10 1259 104 1326 'lusisse'
125 1267 239 1330 utrum
263 1263 364 1329 ‘olim'
382 1285 427 1330 aa
445 1265 554 1331 ‘etiam
568 1265 676 1333 nune'.
720 1270 832 1332 tamen
846 1267 979 1331 modum

10 1349 53 1414 lide
70 1354 250 1436 ponendum
273 1374 343 1418 asse
367 1355 542 1420 credamus.
610 1357 653 1420 38
675 1355 800 1420 limat:
824 1355 980 1419 adtenuat

10 1436 117 1504 inminuit
137 1442 262 1506 adterit
284 1447 317 1507 et
339 1443 450 1508 inuida
475 1445 567 1509 oculo
591 1446 612 1524 †
640 1445 688 1509 ori
715 1447 824 1509 taceat
846 1444 980 1509 oseinat.

10 1525 11 1532 '
61 1529 97 1593 40
130 1551 216 1596 eum
254 1532 377 1596 seruis
413 1531 561 1597 urbana
597 1532 730 1597 diaria.
789 1554 857 1597 non
894 1531 979 1596 ‘eum
995 1553 1020 1594 15

10 1617 73 1688 {eruis
92 1619 300 1703 mouentem’,
323 1620 379 1685 sed
403 1619 487 1685 ‘cum
512 1622 613 1686 seruis
637 1621 750 1687 rodere
771 1620 896 1686 mauis'.
942 1642 981 1685 ex

10 1705 117 1791 ambiguo
143 1708 229 1774 liaeo
257 1713 307 1773 est
334 1709 484 1794 eligenda
512 1710 688 1775 distinctio.
747 1730 829 1774 eum
858 1710 980 1774 seruis

10 1793 113 1878 {urbana
135 1797 273 1862 diaria.
318 1798 409 1862 deest
432 1795 480 1862 ‘tu
498 1797 598 1864 uero'.
644 1799 690 1864 sie
712 1799 800 1863 enim
822 1800 884 1863 erit
906 1819 981 1863 eon-

10 1881 64 1968 lute
75 1888 241 1952 sententie.
301 1887 344 1951 42
368 1888 465 1952 calo:
490 1889 542 1952 uel
565 1887 606 1952 ab
630 1909 668 1953 eo
692 1887 778 1972 quod
796 1887 981 1971 frequenter

10 1973 100 2038 tueatur
121 1975 241 2040 dieitur
272 1976 356 2060 aulo,
383 1976 435 2040 uel
463 1977 539 2060 quia
566 1975 651 2041 κᾶλα
674 1974 793 2041 Graece
820 1976 912 2062 ligna
935 1974 980 2040 di·
995 1999 1022 2038 eo

10 2013 87 2152 luitur
106 2067 136 2127 et
160 2065 216 2128 ille
240 2063 331 2129 uadit
354 2085 449 2149 saepe
472 2065 642 2150 lignatum.

333 2257 513 2312 EPISTULA
534 2263 558 2324 1,
580 2264 621 2312 15.

65 2363 158 2440 Quae
183 2367 236 2432 sit
258 2366 407 2452 hiemps
430 2365 565 2432 Ueliae
590 2365 689 2452 quod
713 2367 869 2432 caelum.
907 2367 982 2430 seri-

14 2449 38 2512 iit
53 2456 178 2540 satyrice
202 2455 241 2520 de
264 2453 353 2520 Baiis
376 2457 558 2540 luxuriosis,
580 2456 688 2540 tangit
709 2477 774 2540 eos,
797 2455 853 2540 qui
875 2456 910 2518 ia
928 2477 983 2538 pe-

24 2541 70 2604 uia
92 2543 375 2629 philosophentur,
402 2545 487 2609 idem
515 2543 736 2628 uoluptatibus
764 2543 929 2627 seruituti,
956 2543 984 2606 si
998 2567 1024 2608 es

17 2631 99 2720 ¹endi
124 2633 268 2698 habeant
293 2637 498 2718 potestatem.
553 2637 586 2698 et
617 2637 667 2696 est
692 2633 728 2697 in
754 2632 816 2696 hae
845 2631 984 2716 epistula

24 2716 160 2801 aptatos
189 2721 338 2808 longum,
366 2722 453 2806 quod
484 2721 546 2787 hoa
574 2721 687 2787 ordine
717 2721 868 2786 soluitur:
902 2741 984 2804 quae

54 2860 760 2931 ememsnnmaffinm
816 2859 985 2928 mpu

20 3043 22 3054 1
44 2989 66 3060 ,1
83 3001 133 3038 nun
151 3003 224 3040 esse:
247 3001 343 3042 mones
367 3003 406 3041 s1c
426 2986 464 3039 M
550 2983 675 3039 facilius:
693 2983 820 3053 peeuhus
840 2983 886 3068 M,
903 2998 987 3052 pecu-

24 3064 75 3106 arius
92 3056 217 3110 Haattal
289 3052 492 3114 ὁὸΡΟῩΡΗΤ·
513 3057 551 3110 Μ
622 3061 636 3108 7
657 3055 772 3110 doeetu:
791 3053 914 3109 effosus?

15 3123 32 3170 ll
47 3139 82 3178 ne
101 3128 207 3210 matut
221 3133 246 3182 et
270 3141 315 3182 me
334 3145 418 3198 quem
436 3129 537 3197 scripsi
551 3141 721 3209 propneque
743 3126 817 3194 qaod
839 3129 878 3179 est
899 3124 931 3178 iu
951 3125 988 3176 M

56 3199 235 3254 celebrans:
254 3199 395 3254 uenabrae
415 3200 453 3252 M
515 3196 866 3252 111us1sse21ussentM
928 3211 986 3248 am-

10 3255 207 3332 ‚lboloniususse
227 3269 265 3324 M
323 3277 357 3324 14
370 3270 416 3307 **
433 3269 590 3337 fascinatg
646 3274 678 3322 16
697 3269 857 3322 mouentem
863 3281 987 3348 fnouepn

10 3327 35 3381 M
80 3354 108 3392 ex
125 3341 258 3410 ambiguo
276 3341 359 3396 haas:
379 3340 402 3394 le
419 3341 539 3396 amb1t10
552 3341 604 3394 hee
619 3339 658 3392 M
720 3344 752 3392 Π
763 3342 828 3406 poet
842 3335 986 3390 intinctio

14 3402 45 3523 ᾖ),
63 3424 83 3461 a.
99 3415 138 3466 it
151 3414 184 3466 ia
204 3413 242 3466 M
318 3419 351 3467 18
370 3412 479 3467 urbana
496 3411 599 3466 diaria:
618 3408 744 3504 subsidua
763 3409 801 3461 M
867 3412 912 3490 ’19
931 3420 989 3475 que

10 3491 38 3594 ll
81 3485 323 3609 llffirlllraemlll
341 3481 789 3608 anffgprlgugsssss.nlgs:2,b‡lkd
802 3481 991 3601 luxllllgsloM
1107 3575 1110 3580 ·

10 3591 12 3694 Ι
61 3636 211 3687 peennnam
230 3625 269 3678 M
338 3632 371 3679 27
391 3625 548 3694 yperbaton
568 3622 606 3674 M

10 3719 11 3748 l
