2378 3934
170 111 236 176 242
498 111 619 168 Sanno
639 113 660 181 1,
681 118 723 180 10,
742 117 853 166 ee-ea

169 273 391 339 feruentius
424 275 536 339 amni.
596 272 688 340 Cassi
719 273 850 338 Etrusci
881 271 1061 336 Parmensis
1089 270 1155 354 dicit,

171 363 262 426 cuius
285 361 454 447 tragoedia
478 363 571 444 [haec
595 365 657 444 est]
677 361 834 446 Thyestes
857 362 973 426 exstat.
1030 358 1069 424 63
1089 381 1155 442 cap·

172 451 226 517 sis
264 472 373 536 quem
407 450 510 517 fama
539 454 599 516 est
629 473 712 517 csse
743 451 937 535 librisque
970 449 1156 512 ambustum

169 540 352 624 propriis.
385 562 497 626 aspere
520 540 613 625 quasi
634 544 703 604 tam
725 540 865 605 uerbosa
878 538 998 604 autito
1012 536 1151 620 scripserit

144 634 217 713 eut,
240 649 314 693 cum
336 650 405 694 non
426 629 613 695 uiderentur
634 630 701 714 legi
724 629 832 715 digna,
854 627 921 692 illis
944 627 1024 712 ipsis
1039 627 1156 690 mortun

172 719 304 782 exustus
342 718 393 782 sit
440 739 451 760 ·
485 719 527 785 66
560 721 598 783 et
630 716 788 783 Graccis
825 716 971 794 intacti
1003 712 1156 780 carmini·

172 810 316 871 auctor.
360 806 423 871 hoc
450 806 522 872 ideo
546 807 679 892 dictum,
708 806 784 892 quia
807 807 889 871 nulli
914 803 1103 870 Graecorum
1119 802 1151 864 he

171 894 325 959 xametris
349 895 496 960 uersibus
526 897 588 960 hoc
611 917 713 981 genus
737 895 845 980 operis
868 894 1073 980 scripserunt.
1131 891 1143 953 l

173 1004 286 1066 saepe
310 987 427 1067 eaput
449 985 624 1051 scaberet
645 985 759 1050 uiuos
783 988 822 1050 et
843 984 1003 1051 roderet
1030 1000 1154 1064 ungues

132 1070 249 1136 rohinc
271 1071 428 1138 Persius
451 1073 611 1140 Flaccus
634 1075 714 1140 illud
737 1075 878 1158 sumpsit
913 1071 993 1137 Nec
1015 1071 1157 1154 pluteuu

171 1159 301 1224 caedit
330 1181 385 1226 occ
417 1162 616 1230 demorsos
644 1164 748 1248 sapit
774 1163 925 1249 unguis.
984 1180 1050 1224 non
1077 1178 1157 1222 cessa

118 1289 121 1298 ·
172 1252 282 1313 autem
305 1248 465 1316 Lucilium
494 1256 629 1338 tangere
652 1253 746 1337 quasi
768 1252 933 1317 incuriose
957 1245 1120 1332 scripserit.

173 1337 215 1402 75
238 1338 386 1403 uilibus
408 1340 448 1405 in
469 1340 573 1406 ludis
596 1340 739 1406 dictari
758 1340 931 1406 carmina
950 1336 1069 1402 malis.
1096 1333 1157 1397 ludi

171 1426 338 1492 litterariis
362 1428 452 1508 dicit,
480 1431 515 1494 in
538 1429 654 1515 quibus
677 1430 820 1496 earmina
843 1429 982 1514 uulgata
1004 1420 1152 1510 puerisad

132 1514 237 1579 15huc
259 1515 393 1581 rudibus
414 1518 530 1584 dictari
548 1519 663 1584 solent.
741 1518 783 1583 76
806 1521 848 1582 ut
871 1517 999 1582 audax
1022 1515 1148 1578 contem

170 1603 249 1686 ptis
283 1604 372 1668 aliis
405 1607 559 1690 explosa
586 1607 806 1672 Arbuscula
837 1606 948 1672 dixit.
1003 1597 1153 1668 Arbuscul

171 1691 270 1753 mima
293 1691 393 1756 fuisse
415 1695 569 1781 traditur,
597 1718 678 1780 quae
706 1719 780 1762 cum
808 1697 849 1760 ab
876 1697 963 1760 irato
994 1691 1103 1778 populo
1123 1708 1151 1749 ex

169 1777 369 1864 ploderetur,
397 1782 437 1844 ab
458 1784 572 1867 equite
600 1788 712 1850 tamen
737 1784 942 1868 laudaretur,
975 1783 1022 1847 ait
1048 1801 1078 1844 se
1105 1796 1151 1840 con

170 1869 297 1930 tentam
325 1889 394 1934 esse
422 1869 633 1937 honestorum
655 1874 853 1939 testimonio.
900 1873 982 1957 quid
1004 1872 1102 1935 autern
1118 1884 1157 1947 pe

131 1971 158 2010 20
171 1953 252 2020 haec
275 1956 313 2020 de
337 1979 371 2021 se
394 1959 540 2045 intellegi
563 1962 642 2026 uelit
663 1961 830 2044 Horatius,
853 1962 1064 2026 manifestum
1083 1957 1128 2018 est-

173 2041 217 2105 84
240 2045 452 2111 ambitione
475 2050 658 2134 relegata.
704 2050 738 2115 id
763 2055 814 2114 est
837 2055 977 2116 ‘remota
1001 2043 1151 2114 ambitione

172 2150 209 2192 ac
239 2151 299 2212 per
319 2131 382 2197 hoe
411 2137 490 2200 ‘non
516 2138 629 2203 timide
650 2160 710 2204 neo
733 2141 874 2204 latenter
896 2134 1055 2226 loquens'.
1129 2128 1156 2192 9Ι

170 2215 344 2282 Demetri
379 2224 495 2307 teque
528 2225 684 2312 Tigelli.
745 2229 784 2292 de
817 2229 988 2294 Demetrio
1025 2228 1056 2290 et
1086 2217 1157 2305 paul·

172 2323 268 2402 supra
292 2305 413 2372 dictum
437 2317 495 2395 est,
518 2315 556 2378 de
580 2315 717 2400 Tigellio
740 2316 948 2402 Hermogene
976 2335 1074 2398 saepe.
1130 2305 1144 2367 9

129 2389 451 2474 asdrsmpularum
487 2401 591 2466 inter
626 2405 740 2470 iubeo
776 2407 933 2489 plorare
974 2397 1153 2470 cathedras

170 2477 335 2579 eleganter
360 2483 441 2550 haec
462 2487 498 2552 in
520 2490 738 2557 modulatores
763 2494 927 2579 dicuntur,
960 2494 1037 2580 quia
1059 2484 1156 2572 puella

169 2587 307 2632 maxrme
331 2571 486 2639 docentur
507 2577 603 2643 huius
626 2580 715 2646 modi
738 2581 880 2648 delicias.
974 2583 1017 2652 92
1043 2579 1065 2658 i,
1088 2591 1157 2658 put

170 2658 284 2737 atque
317 2679 397 2725 meo
430 2664 529 2728 citus
561 2667 656 2733 haec
688 2669 893 2736 subscribe
926 2671 1089 2738 libello„
1116 2661 1150 2723 ele

170 2746 409 2844 gauter,·quasi
430 2749 493 2815 hoc
509 2775 554 2838 er
577 2758 723 2840 tempore
748 2759 876 2845 dixerit,
899 2759 1055 2846 praecipit
1074 2767 1151 2838 pue1⁰

128 2843 156 2882 30
169 2831 206 2889 ut
227 2850 263 2892 m
284 2833 403 2899 hbrum
427 2860 520 2905 suum
543 2842 624 2907 illud
643 2846 801 2930 conferat,
824 2871 867 2914 ne
886 2860 1001 2934 pereat
1014 2852 1076 2913 tam
1088 2856 1150 2923 0p⁰r

169 2917 284 2978 tunum
307 2922 340 2983 et
363 2944 546 3010 congruens
569 2932 603 2994 in
627 2933 851 3002 modulatores
877 2939 1008 3006 dictum.

168 3017 382 3036 mm...—

242 3060 275 3107 1o
294 3060 346 3111 sat.
367 3067 391 3128 1,
412 3069 463 3118 roe

240 3146 381 3158 Ἢ

145 3256 147 3260 Ι
208 3244 212 3254 Ι
240 3182 407 3264 lpermessr
427 3185 466 3238 M
553 3195 569 3242 2
596 3191 716 3248 thiestes
737 3197 777 3250 M
803 3201 872 3266 fort.
897 3206 981 3260 ctiam
1003 3199 1120 3270 Thyestes
1134 3202 1156 3238 ‘d

168 3248 243 3307 epae.
263 3251 290 3310 1,
308 3253 333 3314 4,
353 3255 370 3304 3
388 3254 498 3310 attotam
516 3263 555 3312 est
625 3269 643 3314 4
662 3263 705 3318 ita
723 3283 790 3322 reos:
809 3272 843 3326 ta
863 3274 904 3328 M
930 3278 990 3331 tarn
1008 3271 1116 3332 multat

168 3311 310 3368 scnbseut
328 3319 366 3372 M
450 3328 627 3383 tardaretur
646 3334 686 3386 M
774 3317 954 3400 'r'aetor’M
1045 3331 1154 3398 0¹th

169 3377 207 3428 M
276 3389 449 3462 ascalperet
468 3397 506 3448 M
576 3407 609 3454 10
628 3406 817 3473 neapluteum
837 3416 1077 3474 cedredemorsos
1094 3405 1123 3462 Μ

169 3451 202 3496 18
221 3452 315 3514 equite
333 3458 428 3514 tamen
446 3480 496 3518 aaa
513 3471 717 3535 eqmtateemm
737 3479 785 3546 M,
806 3486 909 3554 equite
928 3483 1055 3556 autem&
1109 3489 1156 3529 ⁰⁰⁰¹

402 3535 562 3660 cue
682 3550 927 3678 recem
946 3555 1079 3630 uel

562 3717 719 3732 Ἢ

721 3729 781 3738 υ...-
