2416 3934
182 135 225 200 66
586 129 658 185 ODE
677 129 711 198 Π,
731 135 773 184 15.

180 301 252 361 ιιι.
303 297 325 360 4
342 296 603 378 platanusque
621 293 773 358 caelebs
793 293 948 356 euincet
965 291 1091 356 ulmos.
1116 313 1173 356 cae-

181 387 281 450 libem
311 385 481 468 platanum
513 382 560 446 ait
591 383 770 467 eleganter,
801 381 956 464 quoniam
985 402 1001 444 e
1029 382 1174 446 contrario

181 473 328 543 maritari
359 473 490 537 arbores
528 470 696 555 dicuntur,
732 469 848 553 quibus
884 469 968 534 uites
1002 468 1174 553 iunguntur.

181 585 240 647 per
268 561 330 627 hoc
360 563 468 626 autem
498 559 661 644 significat
689 579 758 622 non
779 557 844 622 nisi
865 557 1010 622 luxuriae
1033 561 1065 622 et
1090 557 1175 621 ambi·

155 651 274 716 stiosis
300 648 524 733 uoluptatibus
551 647 682 712 studeri.
726 647 879 730 platanus
907 646 994 710 enim
1018 646 1055 709 in
1081 647 1175 710 ambu-

181 740 278 804 lacris
301 737 481 804 conseritur
502 735 587 800 unde
610 735 736 801 fructus
758 735 868 799 nullus
898 737 957 799 est.
1037 734 1057 797 6
1081 735 1176 817 eopia

181 829 340 893 narium.
386 825 501 894 odores
524 824 613 888 dixit.
682 824 919 908 ispargent
947 822 1103 888 ol1uet1s
1127 823 1176 886 hoe

182 921 245 982 est:
277 915 335 980 ubi
366 914 486 979 oliueta
514 913 656 978 fuerunt.
701 911 865 998 significat
894 913 1016 994 autem,
1047 911 1175 975 futurum

182 1008 220 1070 ut
242 1006 331 1069 oleae
354 1003 486 1068 arbores
509 1004 679 1074 uertentur
699 1001 740 1064 ad
764 999 979 1065 conserendas
1001 999 1048 1064 ibi
1070 1004 1177 1064 murtos

142 1116 169 1155 10
183 1097 216 1157 et
236 1093 341 1158 uiolas
364 1096 398 1156 et
420 1095 528 1156 cetera
549 1111 631 1175 quae
656 1092 733 1154 sunt
762 1089 871 1154 odoris
897 1089 1083 1172 uoluptarii.
1161 1089 1176 1151 8

181 1181 383 1246 fertilibus
406 1180 560 1245 domino
583 1179 715 1264 priori.
752 1199 835 1263 quae
858 1177 979 1242 oliueta
1002 1177 1177 1261 subpriore

181 1270 313 1336 domino
344 1270 378 1334 id
410 1273 460 1333 est
491 1268 551 1334 sub
582 1268 744 1352 prioribus
773 1267 974 1350 temporibus
1004 1266 1177 1332 colebantur

182 1362 215 1423 et
246 1359 365 1424 idcirco
397 1357 519 1422 fertilia
551 1360 652 1420 erant.
742 1356 763 1420 9
794 1359 887 1420 tnnc
919 1355 1048 1440 spissa
1078 1355 1178 1419 ramis

99 1507 104 1514 .
181 1447 314 1512 laurea
340 1446 514 1511 feruidos
542 1445 721 1510 excludet
747 1445 857 1509 ictns.
903 1448 936 1508 et
963 1444 1077 1509 laurea
1098 1444 1178 1508 arbos

141 1557 167 1598 15
181 1537 382 1600 infructuosa
405 1539 455 1599 est
478 1537 511 1598 et
533 1537 662 1598 tantum
685 1533 888 1618 uoluptuosis
910 1533 990 1597 locis
1013 1537 1099 1616 apta.
1145 1531 1192 1594 1οι

180 1623 337 1688 nonita
358 1623 512 1688 Romuli
534 1623 819 1707 praescriptum
842 1624 880 1685 et
905 1621 1058 1686 intonsi
1080 1619 1162 1686 Ceto
1168 1621 1192 1665 -l

181 1713 242 1776 nis
270 1712 458 1795 auspiciis
485 1733 516 1775 u.
543 1733 575 1774 ιι.
620 1708 856 1812 praescriptum
878 1711 899 1790 †
921 1731 980 1794 pro
1005 1714 1094 1775 certo
1116 1707 1192 1772 diei

180 1804 235 1865 tur
258 1823 277 1864 a
299 1801 463 1886 magistris
484 1799 563 1884 ludi,
585 1800 641 1884 qui
659 1799 859 1884 praescripta
876 1798 984 1882 pueris
1004 1799 1094 1864 dant
1102 1820 1192 1898 prae

183 1890 370 1974 cipiuntque
389 1890 518 1954 imitari.
554 1889 722 1953 intonsum
740 1890 849 1952 autem
863 1885 1088 1952 Catonemt
1041 1889 1088 1952 ait
1087 1887 1192 1972 ‚qua

141 2003 168 2042 ιι
181 1983 307 2044 ueteres
338 1982 471 2063 propter
504 1977 709 2043 seueritatem
744 1976 864 2041 hirsuti
837 1979 1000 2041 t.erant
1046 1995 1192 2042 norman

181 2090 240 2151 pro
268 2068 381 2152 regula
408 2067 497 2131 dixit.
566 2067 607 2130 13
630 2067 808 2150 priuatus
836 2064 917 2130 illis
945 2086 1084 2130 census
1111 2051 1192 2142 erati

179 2155 325 2238 breuis,
348 2176 544 2220 commune
563 2175 754 2239 magnum,
776 2153 878 2218 idt
829 2157 892 2218 est:
914 2153 1108 2220 familiarem
1123 2176 1182 2218 rem

180 2242 570 2414 {limittit
578 2243 872 2416 ἐὲιιὲώιὲιῗ,
893 2236 1192 2415 ιὲιιῗᾞιιιι

140 2441 167 2483 ιι
182 2419 313 2483 domum
332 2419 504 2483 aedificans
524 2419 633 2485 decem
651 2420 770 2504 pedum
788 2420 949 2504 porticum
969 2419 1182 2504 septemtrioni

181 2509 252 2590 [aut
253 2503 316 2589 em]
341 2507 447 2572 obiect
432 2510 501 2571 tam
523 2510 716 2574 metabatur.
759 2509 983 2593 septemtrioni
1005 2514 1114 2574 autem
1136 2507 1181 2572 ob-

178 2597 264 2662 ieeta
292 2596 437 2682 porticus
467 2600 590 2662 aestate
620 2597 859 2664 delicatioribus
891 2599 986 2682 grata
1017 2603 1086 2682 est,
1117 2597 1182 2681 quia

179 2688 280 2752 solem
303 2709 371 2752 non
394 2686 563 2771 contingit.
619 2688 664 2750 17
688 2709 756 2752 nec
778 2685 858 2750 fort
843 2687 921 2750 tuit
925 2709 986 2751 um
1010 2705 1182 2771 spernere

180 2777 365 2860 cespitem
387 2776 495 2860 leges
520 2775 711 2840 sinebant.
757 2796 871 2840 sensus
895 2779 928 2839 et
950 2775 1028 2841 ordo
1052 2776 1106 2840 hio
1128 2779 1182 2838 est:

137 2895 166 2934 ao
180 2885 239 2928 nee
263 2865 413 2928 sinebant
434 2862 560 2949 legibus
588 2885 738 2948 spernere
766 2865 920 2948 cespitem
947 2863 1131 2948 fortuitum,
1155 2862 1182 2924 id

179 2954 243 3016 est:
273 2973 342 3017 non
363 2953 483 3016 licebat
505 2953 644 3017 inridere
668 2975 741 3018 eum
764 2953 818 3036 qui
841 2975 939 3038 super
962 2953 1116 3038 stipulam
1138 2952 1182 3015 uel

252 3197 440 3268 loeleps.
465 3197 583 3252 cehbem
607 3197 645 3250 M
734 3199 857 3254 'lodore
877 3199 916 3252 M
936 3200 1087 3267 odoremg
1169 3204 1182 3249 9

178 3267 365 3324 conserendas
385 3268 423 3322 M
512 3274 545 3323 10
564 3267 662 3322 odores
682 3267 721 3322 M
804 3278 836 3324 11
855 3269 1045 3325 fertilibus-
1047 3273 1104 3324 15
1122 3271 1184 3338 apta

177 3341 210 3392 ιι
229 3339 267 3392 M
280 3344 344 3406 post
361 3343 398 3393 21
418 3338 491 3392 dixit
505 3340 597 3406 posito
615 3343 681 3392 sont
756 3339 896 3396 iestrlrbus
915 3343 955 3395 M
1033 3347 1065 3396 13
1084 3340 1185 3396 iestrha

113 3415 117 3423 '
179 3409 217 3465 M
288 3415 323 3462 14
340 3408 508 3462 excludebat
522 3409 561 3462 M
631 3414 664 3463 17
682 3426 735 3479 pro
754 3413 829 3466 certo
849 3413 888 3466 M
902 3413 1085 3482 praeceptum
1101 3431 1119 3479 ς
1137 3426 1183 3480 pro

176 3483 329 3548 praecepto
347 3495 398 3534 nos
419 3482 503 3545 (o=
469 3481 688 3534 -trooetotam
706 3483 734 3550 o)
825 3481 953 3538 ducitur?
1046 3488 1077 3538 19
1099 3483 1185 3535 arti
1156 3497 1185 3532 ιιι

176 3565 232 3603 ros.
253 3550 291 3604 M
379 3555 413 3603 22
433 3549 504 3604 Τοιιι
526 3567 603 3604 mum
626 3567 789 3620 emagraum
809 3553 847 3606 M
934 3559 969 3608 24
987 3553 1084 3608 decem
1102 3551 1183 3622 pedes

177 3620 217 3674 M
288 3626 321 3674 28
341 3619 465 3675 soleam
484 3620 579 3690 Pauly
650 3627 684 3676 29
703 3623 898 3691 legesmebant
916 3625 955 3678 M
