2378 3934
161 207 227 273 262
486 205 608 261 SERMO
626 206 660 276 IL
679 211 704 274 4,
723 209 819 274 44-5,
840 210 865 263 1.

165 369 403 454 edulistquas
426 369 520 436 edere
542 368 632 434 nelis.
677 389 838 451 capreas
861 389 919 451 pro
943 367 1042 433 aedis.
1080 370 1167 432 otest

167 458 379 543 amphibolia:
404 462 461 524 aut
485 458 569 524 ‘non
583 478 708 541 semper
722 455 912 520 summittit'
927 460 985 520 aut
1000 454 1085 522 tnon
1101 479 1169 520 aem·

39 547 43 550 ’
165 569 224 632 per
245 546 374 612 edulis'.
440 548 486 611 44
512 545 671 611 fecundi
692 545 839 630 leporis
863 545 1031 629 sapiens.
1076 543 1170 610 fenn-

166 635 243 700 dum
264 636 408 720 leporem
431 636 479 701 ait
500 635 582 718 ideo,
604 634 681 718 quia
703 655 830 718 semper
851 654 1040 719 praegnans
1057 633 1168 699 dieitur.

140 725 323 808 asapiens
354 724 407 788 hie
439 747 459 788 a
482 744 610 808 sapore,
646 744 714 788 non
746 723 955 806 asapientia.
1025 722 1069 786 47
1101 743 1170 785 eru-

166 814 271 878 stula
305 812 456 897 promit.
514 834 597 895 opus
629 811 784 876 dulciarii.
865 811 908 876 51
947 810 1115 877 Massica
1147 811 1171 874 si

167 903 273 966 eaelo
297 922 503 985 suppones:
534 921 616 984 quae
639 922 711 966 oras
733 903 870 984 poturus
893 921 938 964 es.
984 904 1019 964 et
1043 899 1171 964 ostendit

166 990 302 1054 aetionis
330 1010 441 1075 genus.
509 989 552 1054 53
584 989 680 1054 odor
706 989 842 1054 nerui·
871 988 1072 1054 inimicus:
1109 988 1177 1072 quia

167 1080 195 1143 si
216 1079 414 1144 inmaturum
436 1078 543 1162 fuerit,
565 1078 674 1143 neruis
696 1081 802 1143 noost.
869 1075 914 1141 54
936 1077 1020 1142 lino
1044 1077 1177 1148 uitiata}

127 1188 356 1252 rosaporem:
379 1190 437 1252 per
458 1189 590 1234 saecum
612 1167 727 1232 colata.
791 1165 833 1231 59
857 1166 1013 1230 lactuca
1035 1166 1174 1230 innatat

168 1255 256 1321 aori.
287 1255 364 1321 hino
387 1259 524 1341 apparet
545 1254 631 1339 apud
653 1259 780 1320 ueteres
802 1254 925 1320 ultimis
948 1255 1074 1319 mensis
1087 1254 1174 1317 laetu·

167 1366 238 1410 eam
262 1344 331 1410 dari
354 1345 491 1411 solitam.
557 1343 602 1409 65
633 1343 770 1429 pingui
794 1343 957 1408 miseere
979 1364 1088 1407 mero
1110 1364 1172 1404 mu·

165 1455 308 1588 {dim
334 1454 654 1606 emendat
675 1436 810 1586 etde
844 1453 1028 1604 &5:533
1066 1434 1173 1584 ἓῖῖἔέῖ.

128 1638 154 1681 rs
168 1615 225 1676 aut
246 1611 376 1694 proprie
409 1609 536 1675 ‘eroco’
569 1613 626 1675 aut
652 1632 712 1694 pro
735 1611 813 1675 uino
837 1629 967 1674 erocum
988 1609 1114 1694 posuit,
1146 1614 1172 1669 ut

167 1697 381 1786 Uergilius:
411 1697 577 1764 Orooeos
607 1702 649 1763 ut
676 1698 832 1764 Tmolus
865 1697 1014 1763 odores.
1086 1697 1124 1761 73
1145 1702 1174 1758 et

168 1787 275 1852 allec.
310 1790 398 1872 nota,
421 1789 503 1869 quod
523 1788 604 1852 allec
627 1791 742 1853 neutm
756 1808 875 1873 genere
889 1787 984 1851 dixit.
1033 1786 1172 1851 faecem

168 1876 368 1943 condimenti
408 1897 511 1962 genus
546 1877 593 1940 sio
630 1875 821 1960 appeliatur.
913 1875 955 1940 75
978 1876 1171 1940 incretum:

168 1988 237 2032 non
273 1968 404 2030 oretum.
492 1966 536 2030 81
573 1964 720 2030 uilibus
760 1965 800 2029 in
837 1964 966 2048 scopis
1004 1964 1049 2028 in
1084 1983 1170 2044 map-

130 2092 157 2133 ,0
170 2055 237 2138 pis.
283 2075 419 2138 mappas
447 2053 573 2139 antiqui
601 2053 766 2137 dicebant,
798 2073 879 2137 quae
907 2073 996 2118 none
1024 2050 1172 2117 mantelia.

169 2141 355 2207 Lucilius:
378 2142 429 2207 Et
450 2143 545 2207 uelli
567 2147 734 2226 mappas.
780 2147 813 2206 et
836 2142 895 2206 ait:
929 2145 1056 2227 quanto
1079 2141 1112 2205 in
1131 2137 1172 2202 his

169 2230 304 2314 exiguus
326 2233 377 2294 est
400 2235 560 2316 sumptus,
590 2234 685 2296 tanto
718 2229 871 2314 culpandi
899 2229 1006 2294 facilis
1037 2229 1172 2295 offensus.

259 2318 470 2402 831apides
488 2319 628 2386 uarios.
665 2339 827 2384 marmora
842 2319 927 2384 dicit.
982 2317 1029 2383 95
1052 2335 1173 2402 queam

169 2406 275 2471 uitae
297 2411 512 2492 praecepta.
557 2409 698 2474 ironicos
720 2411 836 2474 totum.

129 2639 157 2682 25
571 2617 693 2672 sirano
713 2624 738 2686 a,
758 2623 782 2671 s.

259 2744 339 2811 Hoe
362 2767 512 2830 quoquo
535 2744 704 2810 Teresia.
737 2745 772 2810 in
785 2745 847 2810 hae
861 2707 1044 2812 introduxit
1057 2729 1176 2808 Ulixem

172 2838 379 2916 quaerentem
402 2833 489 2918 apud
511 2834 633 2901 inferos
657 2857 677 2898 a
699 2834 844 2919 Teresia,
870 2854 967 2918 quem
988 2833 1032 2898 ad
1054 2829 1171 2896 modun

170 2923 276 3006 possit
297 2944 366 2987 rem
388 2923 580 2988 familiarem
602 2945 761 3008 reparare.
792 2922 855 2987 hoo
873 2922 937 2987 fuit
957 2921 1043 3016 apud
1060 2921 1171 2984 ueteres

244 3140 276 3189 16
296 3133 397 3204 Georg.
417 3140 441 3202 1,
460 3139 494 3188 56
571 3139 605 3187 21
623 3133 712 3186 Lucil.
733 3139 757 3200 5,
777 3138 810 3187 21
897 3211 903 3221 ι

171 3293 554 3432 intemeratas?
571 3305 773 3418 {effla
792 3306 960 3430 tetta&
975 3289 1097 3424 prm?
1110 3297 1160 3409 ii⁰

171 3435 365 3487 onemosdl
423 3439 498 3487 na
561 3434 600 3488 Μ
653 3439 685 3487 12
711 3428 1097 3500 missen..murtsqueM
1144 3428 1170 3476 ¹3

171 3517 282 3554 missen
300 3504 451 3570 temperari
580 3511 612 3558 16
641 3519 754 3560 croceus
776 3504 809 3558 ut
831 3503 921 3558 melos
940 3503 979 3556 M
1049 3505 1080 3555 17
1107 3491 1171 3564 quod

173 3570 268 3636 Pauly
287 3572 349 3625 add.
406 3579 439 3626 21
458 3574 579 3628 lnodrars
597 3576 622 3642 (s
640 3591 675 3631 m.
690 3577 721 3642 2)
738 3573 953 3643 deuelhsnappes
971 3572 1015 3640 (sn
1027 3572 1059 3626 ire
1070 3587 1099 3624 m
1111 3579 1170 3621 corr·

170 3653 207 3691 m.
224 3640 261 3705 1.)
281 3639 321 3692 M
372 3641 630 3713 quantomagis>
649 3685 655 3698 .
675 3684 681 3696 .
700 3644 847 3712 faeiliorg
901 3651 936 3698 23
954 3655 1042 3713 qnam
1061 3640 1096 3696 dl
1142 3637 1171 3687 84

171 3707 311 3761 hiromoos
331 3709 370 3761 M
425 3717 459 3764 26
477 3711 666 3782 introduortg
