2378 3934
328 151 451 208 suamc
471 153 503 220 11,
524 160 549 222 a,
567 159 681 209 21-47.
955 155 1021 222 247

38 316 270 408 pulmentaria
291 337 432 400 quaere
455 315 640 381 sudando:
668 337 727 401 per
748 318 892 384 laborem
916 320 1044 406 cibum,

11 409 150 496 perquire.
192 406 256 472 hoc
278 408 387 470 autem
410 402 559 470 Socrates
581 406 705 489 primus
728 405 783 490 ait,
806 408 870 492 qui,
893 430 966 474 cum
989 410 1025 474 in
1176 407 1177 410 ’

11 497 12 536 ³
37 503 110 564 nocte
129 498 197 580 ipsa
219 494 424 579 spatiaretur,
445 494 663 579 interrogatus
687 496 861 580 aquodam
884 519 940 562 cur
962 499 1024 564 hoc

11 617 12 678 p
38 589 146 670 faceret,
166 583 334 669 respondit
351 578 473 660 Ὅψον
501 578 659 667 συνάγω
683 584 870 670 significans
894 607 929 651 se
951 587 1023 653 ideo
1083 607 1086 612 ·

11 675 215 742 deambulare
246 675 283 738 ut
314 672 422 738 cibum
453 672 567 737 libenti
600 672 708 742 animo
738 674 913 759 adpeteret.
980 677 1052 741 215

36 767 214 849 albumque
251 783 373 846 neque
406 765 543 826 ostrea
603 761 744 828 album:
785 763 954 848 pallidum,
988 769 1024 829 ut

11 859 12 912 1
39 853 181 919 Persius:
217 851 339 916 Albus
364 851 451 915 sede
474 852 608 936 legens
631 852 730 916 celsa
761 852 912 937 liquido
943 875 1025 918 cum

11 941 209 1026 plasmate.
278 939 320 1005 22
357 939 563 1026 peregrina
603 939 737 1004 iuuare
773 941 910 1027 lagois.
955 943 1024 1007 anis

11 1031 147 1116 gleporini
177 1029 304 1095 coloris.
371 1028 415 1093 25
451 1029 561 1094 uanis
593 1049 717 1094 rerum
754 1031 844 1115 quia
879 1035 1025 1096 ueneat.

11 1131 13 1148 ‘
36 1141 94 1202 pro:
112 1119 198 1184 uanis
221 1119 326 1183 rebus.
394 1116 438 1182 25
461 1118 550 1203 quia
571 1122 712 1183 ueneat
735 1141 827 1185 auro
850 1120 884 1185 id
903 1123 953 1186 est
965 1143 1024 1206 pro
1040 1136 1069 1176 10

11 1229 132 1300 gnagno
152 1208 266 1293 pretio.
324 1207 368 1272 28
392 1210 500 1272 cocto
523 1228 610 1271 num
633 1206 745 1272 adest
766 1208 890 1275 honor
911 1209 1025 1276 idem:

11 1298 191 1380 plumarum
229 1296 359 1362 scilicet.
441 1295 483 1360 29
521 1317 634 1360 carne
675 1299 803 1362 tamen
840 1299 1025 1383 quamuis.

11 1381 62 1476 pri
84 1383 157 1468 ἑξῇςε
194 1405 289 1450 carne
325 1388 436 1449 tamen
464 1382 527 1448 hac
548 1386 654 1470 magis
676 1386 766 1451 illam
789 1390 899 1470 petere
922 1393 949 1452 te
972 1387 1024 1452 de·

11 1477 139 1558 {ceptum
156 1473 328 1558 inparibus
350 1471 477 1558 formis,
509 1475 658 1559 quamuis
688 1475 770 1539 nihil
799 1474 910 1560 distet,
946 1479 1025 1540 estc.

11 1559 68 1652 {30
92 1561 290 1648 inparibus
327 1561 477 1627 formis:
517 1563 626 1647 inpari
666 1563 899 1650 magnitudine.
981 1565 1065 1630 321⁵

11 1657 13 1732 ξ
35 1653 189 1736 pontiana
211 1651 316 1716 inter
337 1650 516 1717 iactatus.
563 1651 694 1736 quidam
717 1651 912 1737 Propontias
936 1653 1024 1718 insu-

11 1741 13 1766 '
37 1741 71 1805 las
90 1745 289 1826 acceperunt,
316 1741 410 1805 male.
454 1743 570 1826 pontes
594 1741 680 1806 enim
704 1740 848 1808 Tiberini
872 1743 958 1808 dicti.

35 1829 66 1893 35
94 1831 198 1896 uideo
232 1852 305 1915 quc
341 1829 514 1914 pertinet
550 1851 650 1916 ergo.
710 1831 738 1895 si
766 1831 1025 1916 magnitudinem

37 1918 136 2004 laudas,
158 1942 214 1987 cur
237 1919 401 1984 inmensos
424 1919 519 2002 lupos
541 1939 610 1984 non
632 1918 781 2003 adpetis?
858 1919 901 1984 36
932 1941 1024 2002 pro·

34 2028 107 2073 ceros
136 2009 254 2074 odisse
289 2009 394 2090 lupos
425 2007 609 2090 etreliqua
660 2009 705 2074 sic
733 2029 882 2092 mappam
910 2010 1027 2092 adpetit
1038 2025 1065 2064 ²⁰

36 2097 155 2179 nullum,
177 2100 215 2162 nt
237 2097 331 2182 lupos
354 2096 497 2180 prolixos
520 2095 556 2161 in
578 2097 844 2181 conparationem
868 2097 936 2163 eius
951 2098 1026 2164 ode·

37 2185 73 2268 rit
92 2186 163 2270 quia
175 2185 334 2271 promisce
348 2184 487 2272 grandes
501 2189 689 2251 nascuntur.
753 2187 795 2252 37
819 2187 893 2252 his:
917 2187 1026 2252 mullis

34 2273 141 2339 seilicet
218 2275 261 2340 38
307 2275 461 2341 ieiunus
497 2295 585 2338 raro
622 2275 854 2341 stomachus,
895 2297 1024 2342 sensus:

33 2383 86 2426 iare
111 2364 236 2428 ieiunus
263 2365 440 2446 inuenitur,
478 2362 533 2447 qui
564 2366 752 2429 contemnat
783 2387 835 2430 res
865 2367 1027 2452 uulgares.

101 2453 143 2518 40
179 2456 218 2517 at
248 2474 317 2518 uos
353 2454 580 2537 praesentes
612 2451 757 2518 Austri.
802 2455 885 2519 bene
917 2459 1068 2539 ‘prae-2⁵

36 2543 146 2626 sentes’‚
178 2542 262 2606 sicut
290 2540 367 2606 deos
398 2543 584 2625 praesentes
608 2543 629 2621 †
652 2543 741 2626 quim
763 2565 879 2608 uocare
902 2543 1027 2609 dicitur.

101 2631 143 2694 44
166 2633 279 2715 atquc
303 2628 435 2696 acidas
458 2630 761 2696 mauultinulas.
805 2632 896 2696 inula
909 2631 1028 2697 dicitur

36 2713 127 2803 herba,
159 2740 240 2804 quae
270 2719 398 2786 incocta
430 2721 520 2784 aceto
550 2719 701 2784 conditur
727 2726 757 2784 et
781 2719 949 2785 fastidium
971 2720 1027 2786 de-

35 2807 101 2871 cutit.
172 2809 214 2872 47
254 2807 411 2874 Galloni
442 2809 648 2892 praeconis
680 2813 764 2874 erat
799 2810 1027 2894 acipensere

38 2938 225 2952 Ἢ--Ιι-

87 3000 225 3056 7Persius
243 3008 268 3069 1,
288 3007 320 3056 16

38 3114 222 3132 Ἢ

87 3183 255 3249 2exquere
275 3181 313 3233 M
391 3179 421 3234 in
442 3181 555 3235 noctem
572 3197 698 3249 usqueg
784 3185 802 3233 4
838 3177 959 3240 (ΙΝὰΓω
980 3181 1025 3250 Μ,

41 3250 145 3317 caspar
200 3250 371 3321 tpaurdum
391 3251 429 3305 M
481 3251 625 3320 Slagonrs
644 3251 683 3305 M
736 3257 769 3306 10
787 3268 924 3320 prouarns
944 3251 1009 3305 M·

39 3317 193 3376 lehunum
255 3327 288 3376 15
313 3321 481 3392 mpanaM
544 3327 576 3377 15
603 3321 657 3378 act.
677 3339 704 3376 a,
724 3325 762 3377 32
782 3326 846 3376 aare
866 3321 967 3377 scta.
987 3328 1027 3378 29

40 3390 154 3446 ciam
216 3398 249 3449 16
268 3395 378 3448 astatus
397 3393 436 3447 Μ
495 3392 647 3462 Pontiasg
715 3398 748 3448 18
767 3393 833 3448 mdc
853 3394 892 3447 M
944 3399 978 3449 20
997 3394 1028 3448 in

40 3456 123 3538 tantun
138 3463 249 3534 adpetis
267 3465 352 3534 calpe
370 3465 479 3520 adduct
532 3470 565 3519 21
585 3464 706 3518 multum
726 3464 765 3518 M
816 3464 942 3533 oderisg
992 3471 1027 3520 22

41 3541 88 3592 4⁰1²
108 3549 167 3590 acc:
194 3551 252 3605 qua
272 3535 311 3588 M
380 3541 414 3590 23
442 3552 513 3590 rane
542 3535 581 3588 M
650 3540 685 3588 24
711 3532 833 3589 ieiunus:
861 3552 971 3591 ammas
991 3537 1031 3590 M

41 3606 186 3732 necutisqui
203 3607 336 3662 inuocare
354 3605 474 3662 dicitur?
543 3611 576 3660 27
596 3605 706 3660 aecrdas
724 3604 800 3659 mala
818 3607 882 3661 uult
900 3607 939 3660 M
991 3611 1027 3661 28
