2378 3934
415 147 488 202 ome
509 147 555 218 lv,
576 155 591 202 τ
610 150 641 204 et
659 156 683 204 s.
992 153 1056 220 133

60 317 97 378 ita
112 314 286 380 Paeoniis
309 314 533 378 reuocatum
551 311 682 378 herbis
703 316 740 377 et
758 335 884 381 amore
898 314 1056 384 Dianae.

61 403 104 468 sed
122 425 203 468 nuno
227 425 295 468 non
319 402 360 467 ad
383 401 463 466 illud
485 400 594 486 refert,
617 401 704 487 quod
720 406 798 485 post
810 403 1055 472 distractionem

59 493 132 556 illam
158 515 255 578 quarn
284 493 326 556 ab
354 492 445 577 equis
473 491 540 556 suis
563 513 680 576 passus
704 495 755 556 est
777 492 813 557 in
835 493 938 560 uitam
960 495 1054 560 resti·

58 586 131 646 tutus
158 583 275 667 fertur,
305 581 361 646 sed
391 581 432 646 ad
464 580 685 647 conditionem
716 581 926 648 mortalitatis
957 604 1054 668 quam

58 692 110 734 non
129 672 236 756 potuit
257 675 414 755 perpetuo
438 670 579 756 effugere
601 692 660 754 per
682 667 808 735 Dianae
831 671 986 738 fauorem.
1067 689 1080 732 e

57 760 89 824 ll
108 782 171 825 neo
193 759 344 825 Lethea
374 760 482 825 ualet
508 757 681 824 Theseus
709 758 936 845 abrumpere
965 782 1053 826 caro

56 850 196 914 uincula
219 848 408 915 Pirithoo.
466 851 546 914 note
572 848 711 914 historia
734 847 894 914 Theseum
917 854 950 916 et
971 849 1053 914 Piri·

57 937 153 1003 thoum
180 938 223 1002 ad
250 939 375 1004 inferos
403 937 607 1004 descendisse
636 937 810 1022 rapiendae
837 937 1053 1024 Proserpinae

56 1049 144 1094 causa.
189 1050 273 1112 quos
296 1049 385 1093 nuno
407 1011 486 1093 dicit
508 1027 636 1093 uinctos
659 1026 705 1092 ibi
728 1028 932 1092 remansisse.

463 1201 537 1258 ODll
556 1208 581 1272 4,
601 1207 626 1258 8.
1064 1223 1091 1266 ro

124 1312 321 1379 Donarem
347 1317 503 1397 peteras
531 1334 558 1378 o.
585 1334 615 1398 g.
660 1312 723 1377 hac
749 1305 820 1400 ᾠδῇ
843 1311 966 1376 indicat
988 1311 1052 1376 sibi

54 1402 208 1468 facultates
235 1405 348 1467 tantas
374 1423 443 1468 non
470 1423 554 1486 esse,
582 1406 619 1466 ut
645 1402 751 1486 possit
777 1400 904 1484 phialas
932 1403 965 1464 et
987 1400 1052 1464 alia

54 1493 180 1574 pretiosa
203 1493 335 1576 donare,
358 1493 414 1557 sed
437 1491 524 1576 quod
546 1493 650 1556 maius
674 1494 737 1574 est,
760 1511 889 1554 carmen
913 1511 946 1554 se
970 1485 1051 1553 Oen-

55 1580 145 1647 sorino
174 1581 302 1667 largiri3
329 1581 444 1646 deinde
473 1581 616 1665 praefert
647 1580 791 1645 carmina
823 1578 972 1644 omnibus
1004 1577 1051 1642 di·

54 1669 133 1736 uitiis.
189 1672 209 1736 6
230 1692 324 1756 quas
343 1674 409 1736 aut
431 1668 660 1735 Parrhasius
684 1668 851 1754 protulit
873 1670 938 1732 eut
961 1663 1090 1733 Sco-rr

53 1779 113 1841 pas.
169 1758 362 1824 Parrhasius
389 1758 527 1823 Athenis
555 1761 661 1843 pictor
687 1758 792 1822 clarus
824 1757 901 1840 fuit,
929 1754 1051 1840 Scopas

9 1907 11 1922 <
54 1848 244 1934 γλυφοποιός
266 1850 300 1914 id
323 1852 372 1913 est
395 1849 562 1933 signorum
586 1868 839 1912 marmoreorum
862 1846 1015 1930 sculptor.

9 1929 11 2004 ἶ
53 1936 67 2000 8
98 1940 235 2004 sollers
268 1958 369 2003 nunc
400 1937 594 2003 hominem
625 1957 767 2022 ponere
798 1955 900 1999 nunc
932 1932 1050 1998 deum.

9 2027 10 2112 ᾗ
52 2047 177 2108 ponere
200 2049 289 2093 nunc
313 2026 520 2092 ‘constituere
544 2049 581 2092 ac
607 2023 753 2111 fingere'.
842 2023 863 2087 9
887 2021 1050 2087 sednon

52 2113 129 2182 haec
146 2116 240 2182 mihi
259 2117 332 2182 uis:
356 2116 542 2181 diuitiarum
557 2116 688 2180 scilicet.
724 2111 1090 2180 nontibitaliumro

52 2224 98 2268 res
126 2211 183 2271 est
216 2209 283 2271 aut
311 2207 461 2270 enimus
493 2204 720 2270 deliciarum
751 2223 876 2288 egens.
935 2221 1049 2266 sensus

52 2297 101 2358 est:
126 2317 184 2360 nec
212 2316 275 2380 ego
302 2294 383 2360 haec
408 2294 520 2380 largiri
546 2317 694 2379 possum,
720 2313 781 2356 nec
810 2293 838 2358 si
860 2312 990 2376 possem
1012 2292 1049 2356 tu

52 2401 81 2444 ee
107 2384 316 2468 desiderares,
352 2384 428 2469 quia
464 2383 607 2448 carmina
642 2382 703 2447 tibi
739 2381 861 2446 diuitiis
898 2379 1049 2445 omnibus

53 2474 180 2554 gratiora
203 2476 290 2538 sunt.
360 2474 399 2536 11
424 2472 597 2538 carmina
619 2492 822 2556 possumus
845 2469 988 2535 donare
1011 2470 1049 2532 et

52 2555 201 2641 pretium
232 2563 359 2628 dicere
390 2561 539 2626 muneri
574 2561 608 2626 id
640 2563 702 2626 cst:
749 2559 917 2624 ostendere
950 2574 1088 2642 quamne

53 2651 212 2729 pretiosum
236 2652 278 2716 sit
301 2673 439 2716 carmen.
510 2651 551 2716 13
574 2673 657 2716 non
673 2649 799 2714 incisa
821 2647 925 2712 notis
948 2666 1047 2710 mar-

53 2758 140 2804 mora
164 2741 353 2826 publicis,
380 2763 446 2824 per
473 2762 568 2825 quae
596 2739 760 2823 spiritus
783 2739 820 2801 et
842 2736 924 2800 uita
946 2733 1048 2803 redit

53 2825 159 2895 bonis:
177 2851 237 2914 per
256 2851 337 2914 quos
350 2831 464 2895 titulos
484 2828 664 2894 consecrati
678 2825 822 2894 defuncti
836 2825 932 2890 duces
947 2844 1046 2909 quan-

9 2959 10 2982 ι
53 2913 113 2982 dam
140 2919 409 2984 inmortalitatem
445 2921 696 3002 consequuntur.
788 2915 828 2980 18
865 2913 947 2979 eius
982 2913 1047 2998 qui

9 3001 11 3100 ξ
54 3003 177 3072 domita
199 3030 340 3075 nomen
362 3008 407 3072 ab
431 3007 566 3072 Africa
588 3008 764 3071 lucratus
788 3003 913 3069 rediit.
958 3001 1087 3066 Afri-eo

9 3155 11 3240 ξ
112 3165 207 3222 rnen.
229 3172 254 3234 r,
274 3171 324 3221 ree

9 3285 10 3320 l
111 3308 306 3363 labrumbere
324 3310 352 3378 (p
370 3325 405 3362 m.
424 3313 462 3374 2.,
481 3311 513 3360 ut
530 3307 654 3374 uidetur)
674 3307 712 3360 M
727 3303 841 3360 uincula
853 3319 923 3358 'caro
943 3303 980 3356 M

9 3371 218 3450 {tranensise
239 3379 278 3433 M
357 3377 560 3434 salernitates
580 3379 618 3432 M
710 3375 793 3431 halas
811 3380 837 3430 et
854 3374 990 3444 pretiosa
1009 3374 1048 3427 M

97 3455 121 3502 13
133 3466 258 3505 consono
273 3451 312 3504 M
368 3457 402 3505 15
421 3451 483 3505 aut:
501 3452 535 3504 ut
549 3451 587 3504 M
640 3453 672 3502 17
692 3447 855 3517 glylopoeos
875 3445 913 3499 M
929 3448 1045 3512 γλυπτο-

57 3514 117 3582 :orig
134 3522 227 3592 Pauly
310 3521 447 3592 sculptor:
466 3521 568 3576 scilic&
587 3521 625 3574 M
702 3517 917 3572 21d1u1t1arum
937 3515 975 3568 M

58 3589 82 3638 ²2
95 3607 188 3658 possim
208 3593 247 3648 M
322 3595 355 3647 tu
373 3609 419 3648 ea:
437 3595 523 3648 tuaec
543 3593 580 3646 M
655 3596 688 3644 26
707 3588 872 3658 pretiosum
893 3585 930 3637 M
1009 3588 1042 3636 27

59 3659 146 3723 lethea
162 3681 271 3735 perque
290 3664 329 3719 M
398 3663 594 3732 aequandam
612 3662 693 3715 Aen:
712 3657 854 3726 quondam
874 3655 912 3707 M
