2416 3934
415 179 487 238 ons
506 181 527 253 1,
546 187 588 240 ιι.

410 465 482 524 omn
503 477 527 538 1,
546 475 589 525 ee.

92 577 219 644 Parcus
243 578 401 645 deorum
430 581 558 646 cultor
586 583 631 645 et.
676 581 737 646 hac
761 580 821 647 ode
845 580 1005 666 significat

35 691 55 732 se
69 668 262 752 penitentiam
285 688 394 755 agere,
418 669 505 753 quod
523 668 718 754 Epicuream
738 674 859 735 sectam
877 674 1006 736 secutus

34 757 193 842 irreligiosus
212 757 365 822 extiterit.
434 759 456 823 2
479 759 695 843 sapientiae
718 759 930 824 consultus.
959 760 1006 824 ita

34 847 125 930 dicium,
140 850 175 912 ut
192 847 275 912 iuris
294 847 470 913 consultus.
487 851 493 854 ’
530 849 559 911 ·4
577 847 721 912 iterare
740 869 874 914 cursus
894 868 1032 934 cogora

33 934 156 999 relictos.
200 957 272 1001 non
301 934 524 1020 ‘instaurare'‚
552 936 608 1002 sed
636 935 693 1002 ‘ad
723 936 853 1002 eosdem
876 936 1006 1002 redire'.

73 1024 89 1087 5
106 1045 265 1109 namque
283 1023 484 1110 Diespiter
502 1026 584 1111 igni
608 1045 767 1091 corusco
792 1047 824 1090 n.
843 1025 873 1091 d.
892 1047 1005 1091 sensus

35 1115 70 1174 cst:
92 1111 243 1197 Iuppiter,
271 1115 331 1198 ,qui
359 1136 429 1180 non
457 1115 521 1179 nisi
544 1115 656 1179 nubilo
679 1118 797 1180 tonare
820 1116 916 1198 solet,
948 1137 1006 1199 per

32 1223 110 1282 purum
136 1202 167 1266 id
195 1206 249 1267 est
279 1225 338 1288 per
365 1225 515 1270 serenum
542 1204 659 1269 tonuit.
733 1204 752 1268 7
781 1205 1006 1288 plerumque

34 1311 210 1374 perpurum
239 1293 418 1357 tonantis
447 1293 528 1378 egit
551 1313 576 1356 o.
601 1314 629 1358 o.
653 1313 679 1356 c.
725 1313 763 1356 ex
786 1293 914 1377 uulgari
938 1295 1005 1376 opi·
1021 1313 1046 1353 ro

34 1377 94 1442 ιιοιι
111 1380 299 1465 plerumque
321 1385 437 1465 poetae
462 1401 575 1446 sensus
598 1380 802 1466 concipiunt,
832 1382 923 1446 uelut
944 1380 1006 1464 hic,

35 1467 64 1528 ubi
79 1467 217 1534 dicuntur
242 1470 388 1535 tonitrua
411 1470 565 1556 strepitus
588 1491 658 1535 esse
687 1491 799 1534 currus
822 1473 856 1534 et
878 1469 1006 1555 quadri-

35 1575 106 1636 genm
133 1556 233 1624 Iouis,
320 1559 340 1622 9
372 1559 487 1624 bruta
523 1559 650 1624 tellus.
695 1558 784 1624 bruti
816 1579 933 1644 gruum
974 1563 1007 1624 et

34 1645 83 1708 uu
104 1645 265 1732 dicuntur,
298 1648 385 1732 quod
413 1646 570 1714 ἐπύθετον
596 1651 701 1713 terrae
728 1652 921 1733 perpetuum
948 1653 1007 1713 est.

72 1735 103 1798 10
123 1735 290 1800 Taenari
316 1737 435 1803 sedes.
481 1735 609 1802 ‘inferi'
632 1736 900 1823 intellegendum,
927 1737 1004 1822 quia
1019 1757 1043 1798 rs

26 1823 253 1916 puteanorum
276 1825 456 1892 Laconicae
483 1827 745 1911 promunturium
768 1826 941 1892 descensus
964 1829 1005 1892 ad

26 1907 112 2002 {interos
136 1913 253 1979 fertur.
323 1915 364 1980 12
394 1916 500 1982 ualet
528 1915 604 1979 ime
634 1915 789 1981 summis
824 1937 867 1979 m,
917 1919 955 1980 ut
978 1917 1005 1980 si

26 1997 119 2065 diceret:
139 2007 254 2087 potest
276 2025 315 2068 ex
337 2004 473 2070 minimo
496 2007 664 2088 potentem
687 2007 720 2068 ct
743 2025 782 2069 ex
804 2008 937 2089 potente
955 2005 1003 2068 in·

26 2085 101 2152 *tum
124 2091 268 2157 reddere.
340 2093 381 2158 13
409 2097 447 2157 et
473 2093 668 2178 insignem
695 2093 884 2158 adtenuat
910 2092 1003 2159 deus

33 2175 148 2244 obscura
179 2202 371 2266 promens
417 2182 450 2246 id
477 2186 540 2265 est,
573 2181 629 2268 qui
655 2183 794 2268 insignis
817 2182 929 2268 fuerit,
958 2186 1047 2247 atro

27 2270 151 2354 ἰιιιιιιιῃ
180 2270 329 2336 obscurus
357 2271 394 2335 in
423 2271 604 2336 claritatem
635 2271 777 2354 aliquam
805 2293 825 2334 a
848 2271 907 2337 deo
930 2293 1005 2356 pro-

33 2349 123 2421 ducitur.
176 2358 220 2423 14
239 2358 330 2424 hinc
349 2359 495 2444 apicem
513 2381 631 2445 rapax
650 2359 822 2426 Fortuna
841 2361 1007 2425 sustulit

26 2459 79 2506 ¹¹¹:un
98 2448 262 2513 stridore
292 2452 413 2514 acuto.
467 2448 530 2514 hoc
559 2453 622 2514 est:
656 2470 729 2514 cum
752 2447 881 2514 fletibus
904 2453 937 2514 et
959 2450 1006 2513 la·
1075 2463 1083 2471 '

26 2531 197 2624 uenatione,
220 2536 277 2602 sed
300 2559 368 2604 non
393 2559 461 2623 sua,
483 2560 596 2603 uerum
616 2560 727 2605 eorum
746 2538 862 2622 quibus
882 2539 1006 2623 apicem

34 2617 302 2711 restagnantem
321 2627 436 2692 aufert.
503 2626 593 2692 hinc
613 2628 760 2712 apicem
778 2649 896 2710 rapax
913 2625 1004 2691 For·
1019 2648 1046 2689 es
1110 2629 1118 2647 ⁶

34 2713 113 2804 tune.
136 2764 143 2777 .
165 2715 258 2781 hinc
280 2716 457 2800 posuisse
480 2737 510 2801 g.
552 2715 676 2801 apicem
694 2737 753 2800 pro
772 2715 906 2780 honoris
930 2715 1006 2779 sub-

36 2798 125 2866 tnitate
153 2805 274 2887 posuit.
334 2826 448 2869 sensus
476 2808 526 2869 est
553 2808 674 2869 autem:
704 2803 850 2869 Fortuna
873 2825 924 2869 res
948 2803 1005 2868 hu-

36 2903 107 2952 manas
132 2892 322 2976 plerumque
349 2896 456 2959 mutat
478 2897 511 2957 et
534 2893 575 2957 ab
600 2894 662 2958 alio
687 2892 729 2957 ad
752 2893 851 2958 alium
874 2915 951 2977 opes
975 2896 1008 2958 et

36 2969 183 3055 dignitatem
205 2981 371 3047 transfert.

26 3089 202 3171 tx·—

76 3261 224 3319 emtores.
243 3263 313 3318 haec
328 3263 380 3337 ode
395 3263 435 3333 (et
448 3264 511 3331 oro.)
526 3262 564 3317 M
617 3263 797 3318 51terarare
818 3263 856 3316 M
889 3261 925 3318 tu
946 3261 1005 3318 dms

39 3329 165 3393 uppurM
222 3334 368 3389 121b1M
429 3340 462 3390 13
480 3335 565 3390 bruta
582 3349 682 3403 graues
702 3333 741 3388 M
803 3340 836 3389 15
855 3336 947 3388 tenen
969 3334 1007 3387 M

79 3406 103 3454 lt
117 3403 242 3461 tenerum
259 3405 385 3462 laoomcs
405 3405 444 3460 M
504 3405 646 3460 descensus
666 3405 705 3458 M
771 3412 803 3462 19
822 3405 902 3460 schol.
921 3422 949 3458 u.
968 3409 1004 3459 13

26 3471 126 3544 :Meet
142 3491 170 3530 a.
189 3481 224 3532 14
242 3481 281 3532 ast
297 3477 330 3531 ic
348 3477 387 3531 M
470 3477 604 3532 actenuat
623 3475 662 3529 M
751 3481 784 3530 21
805 3477 937 3531 obscurus
960 3475 1005 3526 uel

44 3549 67 3613 ιι
78 3541 192 3601 obscurus
214 3547 312 3615 fuerit,
336 3547 367 3602 in
384 3547 543 3603 claritatem
561 3546 687 3615 aliquam
709 3561 772 3600 uos:
791 3547 956 3599 actennatur
974 3561 1005 3596 ιιι

52 3611 272 3690 anaemahqmm
293 3619 332 3673 M
400 3619 525 3688 aliquam
544 3635 562 3672 a
580 3617 645 3672 deo:
665 3616 817 3684 aliquando
838 3615 931 3684 Pauly

45 3682 149 3741 'tutent
166 3689 204 3745 M
273 3697 423 3760 26pusu1s
444 3707 502 3760 rag.
523 3688 562 3743 M
