2378 3934
452 143 630 199 uersutus
650 144 671 212 1,
690 150 715 212 u,
736 149 831 200 1-4s.
945 145 949 151 ·

510 303 691 358 sessum
711 311 735 372 1,
755 309 780 358 r.

227 415 402 498 Quinque
434 413 515 477 dies
547 413 621 478 tibi
653 414 859 498 pollicitus
895 435 960 478 me.
1021 413 1057 476 in
1092 412 1145 475 hac

138 507 251 590 ecloga
277 502 459 567 Maecenati
486 524 519 566 se
547 505 693 585 excusat,
725 503 811 586 quod
839 502 960 567 diutius
993 501 1064 564 ruri
1089 523 1146 564 rno-

137 597 228 658 retur
248 596 381 676 propter
413 594 605 656 autumnum
626 589 752 655 Romae
775 596 970 675 suspectum.
1017 590 1148 654 liberali-

112 685 243 748 statem
266 680 381 745 deinde
401 679 598 744 Maecenatis
620 683 771 763 repetens
795 683 936 746 aetatem
959 683 1094 745 excusat
1115 683 1150 758 et,

140 772 169 836 si
203 770 409 835 laboraturus
447 769 620 852 acceperit,
657 773 808 851 paratum
845 791 878 834 se
915 789 1076 854 reponere
1111 768 1150 829 ait

139 859 286 943 exemplo
314 858 509 942 uulpiculae,
538 857 629 922 cuius
657 857 812 922 fabellam
833 858 942 922 refert.
1016 858 1059 921 14
1082 878 1150 919 nou

140 970 213 1034 quo
236 968 338 1011 more
361 946 437 1030 piri
460 947 566 1011 uesci
589 943 754 1011 Calaber
775 947 886 1011 iubet
908 947 1068 1030 hospes:
1092 967 1151 1007 non

139 1037 215 1120 quia
239 1056 457 1118 superuacuae
479 1035 541 1099 tibi
564 1037 597 1098 et
626 1035 759 1100 inutiles
786 1035 920 1100 diuitiae
949 1038 1061 1118 erant,
1087 1035 1151 1097 ideo

101 1125 176 1192 roin
202 1146 253 1189 me
280 1123 423 1188 liberalis
450 1123 551 1188 fuisti.
610 1124 749 1209 hospitis
781 1124 897 1189 deinde
929 1121 1065 1188 Calabri
1097 1144 1152 1186 ser·

139 1233 271 1278 monem
296 1213 397 1277 refert
421 1212 593 1278 inuitantis
621 1234 655 1276 se
679 1212 720 1277 ad
743 1215 815 1297 pira
837 1212 976 1295 edenda,
1007 1234 1104 1297 quae,
1130 1212 1152 1273 si

138 1325 208 1368 non
230 1301 363 1384 edisset,
391 1301 490 1366 subus
517 1301 667 1365 abiceret.
749 1303 793 1366 30
820 1305 1002 1386 repserat
1029 1301 1073 1364 in
1098 1321 1151 1364 cu·

140 1413 289 1456 meram.
340 1411 468 1455 cumera
495 1389 567 1454 uasi
593 1389 799 1455 frumentarii
826 1411 930 1476 genus
963 1390 1090 1455 factum
1120 1410 1152 1451 er

139 1480 261 1545 uimine
284 1478 458 1545 admodum
481 1477 666 1542 obductum.
743 1480 788 1544 34
809 1479 881 1544 hae
904 1499 978 1565 ego
1004 1479 1038 1543 si
1062 1499 1152 1542 com-

100 1570 266 1652 repellor
287 1568 465 1651 imagine.
509 1566 573 1632 hoc
596 1567 652 1650 ait,
675 1567 702 1631 si
725 1571 861 1654 cogatur
880 1571 996 1633 contra
1017 1587 1152 1633 commo·

140 1657 218 1722 dum
244 1655 441 1721 ualetudinis
468 1655 611 1720 officium
638 1660 804 1740 praestare
827 1657 874 1720 ait
897 1677 931 1720 se
955 1657 1056 1722 malle
1078 1677 1152 1739 quae
1178 1719 1179 1732 ¹

141 1745 301 1828 acceperit
330 1744 473 1809 reddere.
530 1765 590 1808 nec
622 1744 685 1808 hoc
715 1744 789 1810 ideo
819 1744 940 1829 facere,
973 1745 1065 1830 quod
1095 1745 1152 1807 ium
1178 1739 1179 1752 ¹

141 1837 305 1900 saturatus
332 1833 449 1916 opibus
476 1836 569 1916 putet
597 1854 712 1898 somno
740 1833 989 1919 indulgendum
1026 1833 1083 1898 aad
1113 1833 1152 1895 ait

142 1925 240 1989 etiarn
268 1924 304 1988 in
336 1921 500 1987 oblatione
533 1921 681 1986 Arabum
713 1921 899 1987 diuitiarum
930 1923 1036 1988 otium
1068 1943 1151 1986 num-

101 2035 240 2096 roquam
262 2013 346 2076 uelle
368 2014 495 2076 mutare
517 2011 571 2075 uel
593 2032 697 2094 posse.
778 2013 820 2075 41
849 2033 927 2075 non
954 2015 1018 2075 est
1046 2014 1151 2095 aptus

142 2101 252 2184 cquis
277 2100 411 2165 Ithace
437 2100 554 2165 locus.
599 2097 827 2164 Homericus
850 2121 965 2165 uersus
993 2122 1035 2164 ex
1059 2098 1151 2182 Odys·
1177 2117 1178 2140 ἢ

143 2189 209 2252 siae
234 2191 359 2272 quarto.
396 2186 608 2253 Telemachus
632 2187 781 2253 offerenti
805 2188 867 2252 sibi
883 2188 1036 2253 Menelao
1060 2208 1151 2272 equos

142 2279 275 2341 excusat
297 2277 451 2360 accipere,
474 2277 560 2360 quod
578 2277 669 2360 equis
687 2276 794 2342 minus
814 2277 891 2361 apta
909 2281 949 2341 et
960 2276 1152 2342 conueniens

144 2365 187 2430 sit
208 2363 322 2429 Ithaca
344 2368 378 2428 et
400 2364 471 2450 agri
494 2365 627 2451 angusti
650 2368 684 2429 et
706 2365 831 2430 steriles
860 2366 927 2430 sint
954 2366 1034 2430 eius.
1114 2365 1153 2426 42

104 2481 131 2524 u
143 2453 330 2540 prodigus
352 2453 508 2518 herbae:
536 2475 597 2518 nec
619 2455 731 2539 largus
752 2475 813 2519 nec
836 2455 891 2538 qui
907 2455 1028 2520 multas
1042 2453 1152 2518 herbas

144 2543 296 2631 proferat.
355 2543 399 2607 46
422 2545 605 2607 strenuus
629 2545 666 2606 et
688 2542 817 2607 fortis.
852 2542 1007 2608 fabellam
1027 2543 1067 2608 de
1081 2541 1151 2607 Uul-

143 2635 210 2700 teio
237 2632 355 2698 Maena
380 2652 541 2717 praecone
568 2631 762 2695 facetissime
795 2635 828 2695 et
859 2632 997 2697 dilucide
1027 2630 1153 2716 exponit

144 2724 198 2787 uel
224 2743 283 2807 per
310 2743 344 2788 se
371 2721 424 2786 uel
451 2719 613 2804 prioribus
641 2719 800 2784 adnexam
826 2721 862 2783 in
889 2723 1072 2805 exemplum
1100 2719 1152 2796 sui,

145 2813 202 2894 qui
225 2812 327 2877 otium
350 2809 472 2874 diuitiis
495 2807 665 2893 praeferat.
746 2809 790 2874 48
814 2809 967 2873 distare
990 2807 1151 2876 (larinas.

145 2934 359 2946 ——oe———n

216 2983 438 3053 nuum
1175 2957 1176 3000 ¹

219 3151 232 3198 1
252 3143 356 3200 scholio
378 3143 464 3198 buius
486 3143 619 3212 epotam
641 3144 690 3198 hoc
708 3143 804 3198 ordine
821 3144 853 3198 ia
873 3143 911 3197 M
922 3145 1019 3212 posita
1035 3147 1110 3196 aaa:
1127 3156 1150 3193 a.

145 3221 172 3282 1,
186 3220 231 3282 14,
245 3220 291 3280 30,
304 3219 350 3280 46,
364 3218 409 3282 41,
422 3219 470 3282 42,
488 3217 535 3279 48,
553 3219 598 3281 59,
618 3218 664 3279 73,
683 3218 727 3280 34,
745 3219 784 3270 92
857 3219 873 3268 2
893 3219 957 3269 orate
975 3214 1097 3284 quinque
1113 3212 1150 3265 de·

146 3289 200 3341 letu
217 3292 284 3342 swut
300 3286 366 3340 baec
383 3286 416 3339 iu
435 3285 484 3339 M.-
502 3303 533 3338 1n
549 3285 604 3339 hae
622 3286 794 3340 maecenatis
812 3286 927 3341 excusat
944 3286 1021 3355 quod
1037 3285 1151 3339 moretur

145 3355 402 3410 rnruretamdru
483 3355 698 3425 3aeglogaM
775 3355 1064 3412 tsioosracer
1136 3359 1150 3405 8

147 3427 258 3478 uestrca
275 3425 365 3478 laben
383 3424 423 3476 M
492 3425 628 3479 arnutrle
647 3426 687 3479 M
758 3433 791 3480 13
809 3426 873 3482 basi
892 3427 931 3481 M
994 3433 1027 3482 14
1040 3425 1151 3481 obductu

148 3509 166 3556 ς
221 3493 291 3546 haec
307 3493 345 3544 M
398 3499 431 3548 1ss
450 3509 522 3561 quae
536 3511 600 3550 uos:
619 3511 703 3563 quam
720 3497 759 3550 M
811 3503 844 3551 21
864 3497 976 3552 rthacae
992 3499 1031 3552 M
1086 3494 1151 3550 odn-

147 3572 206 3610 srae
226 3559 264 3611 M
342 3567 375 3614 23
395 3578 465 3629 quos
483 3563 522 3615 M
601 3565 692 3633 quode
711 3583 790 3634 equas
810 3569 848 3621 M
925 3575 959 3624 26
978 3571 1102 3624 sternens
1121 3563 1153 3618 M

222 3632 255 3679 27
275 3627 460 3683 facetissimae
480 3633 518 3684 M
