2378 3934
179 123 247 188 200
523 125 647 182 sunno
666 127 687 194 1,
707 133 734 196 3,
751 131 847 182 2-17.

179 291 334 372 patareni
360 288 424 354 diui
446 311 533 375 eum,
560 289 617 372 qui
644 287 679 353 in
702 287 850 354 Sardinia
875 293 971 354 nai-us
999 289 1057 372 sih,
1086 286 1169 352 Sardi·

180 377 326 442 niensem
349 381 457 443 autem
479 378 619 443 incolam
643 376 817 442 Sardiniae.
881 379 901 442 2
924 382 966 443 uh
987 399 1169 461 numquan:

179 467 368 531 inducant
390 469 556 532 animum
579 470 738 531 eantare
761 468 896 552 rogati.
931 466 1169 550 subdistinguas

181 555 257 619 dum
280 555 435 620 ‘eantare'
459 560 492 621 et
514 557 561 621 sio
582 556 786 621 inferendum
806 555 945 642 rogati.
1003 557 1025 620 6
1051 555 1096 620 ab
1118 577 1169 620 oui

153 661 299 730 susque
327 646 371 710 ad
399 647 499 710 mala
526 646 667 710 uitaret
693 645 730 711 io
757 645 790 709 id
818 649 879 709 esi:
908 646 948 710 ab
976 645 1073 710 initio
1097 666 1169 708 oanan

180 733 342 798 adfinem
369 756 479 818 usque.
525 757 622 800 ouum
651 734 737 798 enim
760 734 918 819 hodieque
941 735 1074 800 initium
1096 755 1169 796 oenus

180 825 244 904 est,
269 823 387 908 quippe
416 845 490 887 oum
516 824 551 888 in
578 826 674 909 gusto
703 825 814 889 statim
843 846 863 889 a
885 824 1010 888 balneis
1033 822 1169 888 offeratur

180 912 265 974 mala
288 915 397 975 autern
420 911 506 996 apud
529 918 654 978 ueteres
669 913 754 977 inter
768 917 876 978 cetera
888 913 1049 978 secundae
1063 932 1169 975 mensa<

180 999 367 1064 offerebant.
426 1001 565 1066 aitarei
601 1005 710 1066 autem
746 1003 793 1066 ait
829 1000 1011 1086 ‘recitaret’,
1043 1001 1127 1066 unda
1155 1023 1167 1062 e

140 1107 166 1145 10
179 1108 355 1170 praecones
378 1089 477 1154 uitare
501 1090 660 1175 dionnhrr,
682 1090 738 1175 qui
761 1091 878 1156 clarius
902 1113 980 1157 uoce
1004 1091 1124 1156 dieunt.

181 1176 199 1240 7
223 1176 260 1241 io
284 1175 441 1243 Bacche.
478 1179 540 1245 hoo
563 1180 685 1245 soilioeh
703 1180 818 1244 eitareh
835 1180 869 1244 id
888 1184 938 1245 est
956 1182 1042 1246 clare
1062 1179 1167 1243 diceret

179 1265 214 1329 io
230 1263 389 1332 Bacche.
449 1269 467 1332 7
492 1269 601 1334 modo
626 1291 770 1334 summa
793 1291 885 1334 noue
909 1269 1019 1346 modo
1043 1267 1164 1332 haere

180 1359 295 1419 sonah
323 1379 418 1440 quae
447 1357 602 1422 chordis
631 1361 818 1442 quattuor
840 1359 916 1423 ima
942 1357 976 1422 id
1004 1359 1069 1422 est:
1096 1354 1169 1418 mod(

180 1444 267 1506 clara
281 1466 359 1509 uoce
373 1445 470 1509 modo
485 1467 609 1530 pressa3
632 1451 665 1512 et
678 1469 698 1510 a
710 1447 918 1512 tenaehordo
937 1446 1001 1512 hoc
1018 1449 1168 1526 sumptum

140 1550 165 1588 1⁵
179 1532 214 1596 in
238 1554 300 1614 qno
325 1537 373 1597 est
396 1534 580 1616 grauissimi
598 1535 671 1599 soni
684 1534 812 1617 chorda,
836 1558 918 1620 quae
932 1535 1055 1620 hypate
1070 1533 1169 1598 dicitur

268 1621 288 1682 9
313 1642 425 1704 saepe
453 1623 562 1687 uelut
589 1624 652 1707 qui
680 1625 869 1689 currebat.
920 1625 999 1691 ordo
1025 1627 1058 1688 et
1080 1641 1169 1687 sensu

179 1711 239 1771 esh:
268 1729 363 1791 saepe
391 1710 541 1775 currebat
567 1712 658 1777 ualui
691 1713 746 1797 qui
772 1713 903 1800 fugiens
930 1713 1062 1778 hostem
1087 1709 1169 1775 ourn't

69 1872 73 1880 Ι
179 1795 225 1859 ita
247 1817 305 1880 per
327 1797 518 1883 syllempsin
540 1800 679 1886 figuram
703 1799 875 1867 ‘currebai'
899 1806 932 1867 eh
956 1799 1109 1867 ‘currit'
1133 1797 1169 1948 sd]

179 1889 342 1970 sumptum
366 1890 424 1950 ost.
491 1888 511 1952 9
541 1911 653 1975 saepe
681 1891 789 1956 uelui
812 1892 877 1976 qui
898 1890 1065 1958 Iunonis
1087 1907 1156 1952 saer

139 1990 165 2029 20
179 1973 307 2038 ferret.
366 1976 567 2061 canephoros
606 1978 766 2064 hodieque
802 1979 942 2046 Athenis
979 1979 1168 2065 appellantur

179 2082 260 2144 quae
297 2085 390 2128 sacra
425 2067 530 2149 eapite
565 2070 736 2152 portantes
774 2069 863 2138 lento
896 2069 1000 2154 gradu
1034 2066 1159 2134 inuedun

179 2146 257 2213 dioih
284 2171 361 2235 ergo
389 2152 619 2240 Hermogenen
647 2157 727 2222 adeo
755 2157 919 2242 inaequali
946 2158 1050 2223 fuisse
1079 2176 1143 2220 rnen

178 2239 215 2299 ut
236 2239 393 2303 interdum
415 2249 551 2307 curreret
571 2245 736 2311 interdurn
759 2245 944 2312 tardissimo
965 2248 1072 2332 gradu
1086 2243 1167 2324 ambu

177 2322 266 2388 laret.
351 2328 392 2391 14
420 2333 458 2393 eh
484 2332 631 2396 coneha
659 2333 753 2398 salis
776 2336 870 2418 puri.
930 2335 1019 2419 puri
1045 2327 1159 2400 salisi

136 2434 164 2473 as
179 2414 241 2474 est:
266 2412 428 2513 supplicis,
451 2439 518 2482 non
541 2421 671 2486 eondih'.
731 2425 765 2486 eh
787 2423 935 2488 coneha
957 2425 1090 2505 merito,
1116 2415 1159 2504 qui

177 2519 384 2583 pauperiores
417 2504 452 2568 in
479 2509 605 2572 marina
637 2510 761 2575 coneha
794 2513 895 2577 salem
927 2513 1046 2578 tritum
1076 2510 1166 2586 habe

176 2587 290 2672 solenh,
314 2611 378 2673 quo
402 2613 581 2679 (rumpono
604 2603 787 2665 noscantur.
872 2603 912 2667 17
937 2606 1074 2668 noctes
1096 2591 1166 2682 uigi

175 2673 282 2740 labat
313 2678 359 2742 ad
390 2679 515 2764 ipsum
547 2706 664 2752 mane.
724 2688 955 2757 aduerbialiiar
992 2691 1111 2757 dietum
1138 2705 1151 2748 e

174 2788 388 2804 Μ

247 2837 279 2885 29
298 2833 382 2904 Uerg.
402 2835 502 2907 Georg.
522 2845 548 2908 4,
568 2846 620 2895 514
638 2845 668 2896 eb
685 2845 755 2900 Aen.
777 2853 802 2914 1,
821 2852 856 2901 47

188 2969 408 3047 ..1οιοιοΜ
501 2979 693 3037 eardmensem
713 2985 753 3038 Μ
843 2990 973 3061 4rogahi
991 3007 1057 3046 uum
1074 3003 1134 3060 pron

173 3036 300 3108 trahone,-
315 3059 372 3112 qua
381 3045 521 3115 signifieat
534 3050 622 3104 otiam
636 3056 731 3122 rogati
745 3059 804 3113 cod.
823 3060 892 3116 Por.
907 3065 932 3115 et
946 3063 1005 3117 eoa.
1017 3062 1053 3116 P.
1066 3056 1136 3115 Daoi
1162 3111 1163 3114 ,

193 3174 198 3185 1
245 3111 486 3188 habrmooqneo
501 3119 540 3171 M
609 3129 763 3182 umerum
782 3146 851 3186 cene
867 3132 905 3186 M
967 3134 1117 3203 hgusius

173 3178 214 3227 art
231 3193 295 3232 nos:
312 3184 363 3236 auh
382 3185 419 3238 M
490 3195 523 3242 10
541 3191 624 3245 utun
643 3194 683 3247 Μ
745 3216 817 3256 uoce
836 3202 970 3258 drounhnr
989 3205 1029 3258 M
1043 3215 1133 3273 8001040

172 3244 225 3294 sch.
245 3263 272 3300 a.
292 3255 309 3302 7
327 3253 424 3320 modo,
446 3258 499 3310 seh.
519 3275 546 3311 u.
566 3265 584 3314 9
603 3277 670 3332 sepe
688 3267 771 3323 uelut
790 3272 841 3340 qui
858 3274 987 3345 Iunonis,
1009 3277 1063 3330 sch.
1081 3290 1106 3327 w·
1122 3261 1157 3322 7⁹

172 3308 271 3380 bache,
288 3320 341 3371 sch.
360 3337 388 3376 a.
406 3329 424 3377 9
443 3342 527 3395 saepe
545 3330 625 3386 uelut
642 3335 693 3402 qui
713 3343 849 3399 currebat
936 3353 968 3400 11
988 3346 1078 3402 bache
1095 3341 1126 3397 Μ

245 3388 277 3434 12
296 3384 366 3442 haec
384 3396 489 3448 reson&
508 3438 515 3451 .
536 3438 541 3451 .
561 3401 653 3457 cordrs
673 3406 713 3461 M
803 3419 837 3468 14
855 3417 1017 3472 teimoordo
1037 3417 1075 3472 M

174 3445 335 3516 sylempfflm
355 3458 393 3511 M
453 3465 641 3526 e‘ourrebah'
664 3473 777 3532 ‘curris’
800 3486 928 3552 gruere?
993 3494 1028 3543 20
1046 3482 1132 3544 oauef0

167 3511 234 3644 00
251 3524 573 3672 huruuua}
587 3540 922 3680 hiartharum
1083 3553 1140 3614 a·
