2426 3934
198 165 265 230 354
494 159 565 214 Alos
583 155 741 212 POETICA
760 159 910 208 rra-310.

199 324 336 392 celeris
358 323 518 388 nimium
542 339 708 404 curaque
735 317 920 382 carentis.
966 337 1021 383 eos
1042 317 1189 402 significat,

199 415 255 500 qui
277 412 462 498 tragoedias
485 411 631 476 actitant.
703 407 768 471 273
807 406 946 470 scimus
982 407 1189 471 inurbanum

199 503 328 587 lepido
367 521 551 586 seponere
588 498 692 563 dicto
723 495 786 560 hoc
818 498 882 560 est:
920 495 1190 577 discernere‚quil

198 593 355 656 inurbane
385 590 506 655 dictum
538 588 580 651 sit
612 585 689 670 quid
718 584 834 668 lepide.
878 582 1021 667 lepidum
1044 585 1092 646 est
1111 603 1190 646 uenu-

173 683 333 746 sstumet
348 700 456 744 suaue.
514 676 579 740 274
601 673 896 759 legitimumque
921 693 1053 736 sonum
1076 672 1191 756 digitis

201 769 385 833 callemus
409 770 446 830 et
468 786 558 830 aure
573 763 606 828 id
621 766 685 827 est:
710 783 784 826 cum
796 764 900 824 metra
915 759 1027 845 digitis
1042 761 1063 840 †
1077 761 1115 824 ab
1130 783 1193 824 aura

201 859 334 922 serimus
356 856 533 939 probantes
548 874 590 916 an
605 852 792 915 consonent.
847 849 913 914 275
936 850 1113 934 ignotum
1132 853 1191 912 tra-

200 946 306 1030 gicae
330 965 450 1028 genus
473 937 886 1006 inuenisseOamenae.
914 932 1053 1022 Thespis
1076 939 1193 1021 primum

199 1031 382 1117 tragoedias
406 1031 537 1115 scripsit
559 1051 675 1115 genere
698 1025 922 1110 Atheniensis,
950 1026 991 1090 ad
1017 1049 1094 1110 quas
1117 1047 1193 1111 ogen-

157 1121 257 1185 1odes
279 1121 427 1205 plaustro
457 1120 542 1184 circa
571 1118 718 1184 ciuitates
751 1111 905 1200 [egregie]
938 1113 1091 1180 Graeciae
1118 1114 1193 1178 ushe

199 1210 304 1275 batur.
373 1210 437 1274 277
463 1230 558 1294 quae
581 1206 1017 1288 canerentagerentque
1037 1204 1193 1289 peruncti

199 1299 374 1363 faecibus
407 1320 481 1363 ora.
527 1319 565 1362 ex
596 1296 659 1360 hoc
691 1295 790 1358 etiam
814 1296 933 1377 putent
965 1292 1118 1376 quidam
1146 1297 1193 1356 tra·

201 1387 350 1472 goediam
364 1387 561 1470 appellatam
577 1383 669 1469 quasi
683 1381 878 1467 trygadiam,
893 1382 970 1466 quia
981 1381 1107 1446 faecem
1119 1384 1194 1464 tryga

204 1473 318 1540 Graeci
340 1475 514 1559 appellant.
581 1473 645 1538 278
678 1474 767 1555 post
796 1470 895 1535 bunc
924 1492 1114 1554 personae
1134 1471 1195 1554 psl-

164 1564 335 1648 rslaeque
359 1567 534 1648 repertor
556 1562 751 1626 honestae.
796 1559 980 1642 Aeschylus
1004 1559 1127 1643 primus
1146 1563 1196 1622 tra-

201 1653 324 1738 goediis
347 1656 498 1717 coturnos
522 1654 555 1714 et
578 1672 689 1733 syrma
712 1653 745 1713 et
766 1670 939 1734 personam
959 1648 1057 1712 dedit.
1101 1649 1196 1712 horun

201 1742 288 1805 enim
309 1741 409 1804 trium
432 1742 546 1804 auctor
568 1742 625 1802 est.
670 1738 796 1822 pallae
818 1737 1022 1802 honestae:
1052 1737 1196 1821 pretiosae.

290 1829 353 1894 281
402 1827 593 1893 successit
629 1830 741 1892 uetus
781 1827 843 1890 his
880 1827 1096 1910 comoedia,
1133 1846 1197 1908 quae

201 1911 366 2002 <ἆρχαία>
402 1917 592 2001 appellatur.
638 1919 687 1980 est
714 1919 823 1980 autem
846 1936 948 2000 genus
971 1914 1197 1980 maledicacissi-

162 2028 188 2067 20
202 2029 290 2070 mum
313 2010 346 2070 et
368 2007 506 2071 multum
529 2005 653 2070 distans
677 2003 718 2068 ab
741 2004 802 2068 hac
824 2025 920 2068 noua.
1001 2004 1069 2070 291
1106 2024 1198 2068 noso

201 2093 416 2179 Pompilius
450 2095 627 2180 sanguis,
657 2093 732 2178 quia
756 2091 875 2176 Calpus
898 2093 984 2157 filius
1009 2097 1061 2158 cst
1083 2091 1198 2174 Numae,

202 2203 221 2243 a
244 2202 307 2264 quo
332 2181 499 2267 Oalpumii
521 2182 654 2248 Pisones
677 2184 845 2246 traxerunt
867 2203 994 2246 nomen.
1066 2181 1130 2247 295
1155 2182 1197 2244 in-

202 2269 353 2352 genium
376 2271 515 2334 miscra
549 2271 638 2356 quia
659 2271 899 2335 fortunatius
923 2273 1015 2336 arte.
1063 2272 1109 2336 ait
1130 2271 1198 2334 enin

200 2355 405 2420 Democritus
427 2359 577 2440 poeticen
600 2362 717 2423 natura
739 2359 844 2444 magis
868 2381 965 2442 quam
984 2364 1055 2424 arte
1069 2362 1197 2424 constare

162 2468 188 2509 25
205 2450 237 2510 et
261 2467 316 2511 eos
340 2446 426 2511 solos
449 2451 563 2531 poetas
588 2469 657 2512 esse
680 2469 789 2530 ueros,
812 2447 867 2531 qui
890 2448 1072 2531 insaniant3
1094 2449 1197 2530 inqua

201 2535 409 2620 persuasione
432 2541 461 2600 et
477 2535 571 2602 Plato
595 2541 651 2601 est.
718 2537 785 2601 300
808 2537 840 2600 si
861 2536 988 2600 tribus
1012 2535 1199 2618 Anticyris

202 2627 317 2716 caput
353 2625 582 2690 insanabile.
637 2625 726 2690 locus
758 2629 807 2690 est
838 2625 875 2689 in
897 2623 1024 2690 Achaia
1044 2625 1197 2707 Anticyra,

201 2713 258 2776 ubi
281 2713 457 2778 elleborum
479 2715 636 2797 nascitur,
668 2736 732 2798 quo
757 2718 886 2799 sumpto
911 2715 1076 2779 dementes
1100 2732 1198 2778 sanan·

202 2805 264 2866 tur.
296 2802 357 2867 hoc
390 2803 487 2867 etiam
520 2807 649 2887 sumpto
683 2805 741 2884 [et]
775 2803 867 2869 dolor
890 2804 1005 2889 capitis
1029 2807 1164 2868 sanatur.

159 2913 186 2953 ³0
203 2890 267 2954 302
291 2891 355 2974 qui
385 2912 530 2977 purgor
559 2892 674 2956 bilem
707 2892 775 2956 sub
808 2894 916 2957 uerni
939 2893 1125 2977 temporis
1145 2890 1198 2953 ho·

202 3001 289 3043 ram.
340 3001 451 3044 ornnes
484 2981 571 3044 enim
601 3002 702 3044 uerno
734 2983 878 3063 tempore
908 2983 1133 3068 purgationem
1159 3001 1200 3042 su·

202 3071 309 3150 munt,
346 3068 432 3150 quod
468 3073 603 3133 uocatur
629 3065 844 3153 καθαρτικόν.
912 3071 976 3135 309
1019 3065 1199 3134 scribendi

202 3159 304 3220 recte
335 3177 467 3240 sapere
497 3160 557 3221 est
586 3160 622 3221 et
651 3157 886 3242 principium
918 3161 955 3222 et
985 3159 1071 3223 fons
1094 3155 1198 3220 idest:

203 3245 282 3309 scire
306 3244 382 3327 quid
406 3245 541 3330 scribas,
563 3246 625 3310 hoc
648 3247 735 3311 enim
759 3269 870 3331 sapere
894 3250 950 3312 est.
1036 3246 1101 3312 310
1135 3263 1198 3308 rem

223 3501 229 3511 ·
274 3437 467 3488 'tconsonent’
488 3435 530 3502 (ia
547 3437 601 3502 (tac
619 3437 718 3506 liaeus)
737 3438 775 3490 M
823 3439 970 3494 9scr1bs1t
988 3439 1026 3492 M
1078 3444 1111 3491 10
1135 3448 1199 3502 egle·

202 3517 300 3568 g1asq
373 3510 404 3583 13
423 3506 499 3573 triga
518 3507 557 3558 M
627 3513 660 3560 14
687 3509 835 3578 paelleque
855 3509 893 3562 M
963 3515 996 3564 15
1024 3507 1156 3562 aeschilus
1171 3501 1200 3555 M

205 3605 208 3608 -
272 3573 432 3638 tragoedrs?
470 3580 502 3626 16
522 3593 606 3630 suma
626 3579 664 3630 M
718 3585 749 3632 17
773 3582 828 3633 est:
848 3595 877 3634 es
897 3581 935 3634 M
968 3581 1084 3652 honoste
1104 3577 1141 3631 M
1172 3579 1198 3625 '21

202 3637 309 3706 oalyprs
328 3641 366 3692 M
418 3648 451 3695 27
470 3645 562 3710 capud
582 3646 620 3699 M
672 3649 706 3714 cf.
726 3651 763 3705 ad
781 3649 810 3704 S.
829 3655 860 3718 2,
878 3654 905 3716 3,
923 3655 961 3706 83
