2426 3934
343 79 413 134 444
431 77 590 134 Pontion
609 84 724 135 ιο-ιι.
914 99 917 106 ⁴
974 77 1038 142 347

38 244 126 310 ditia
152 243 251 308 uerba
281 243 466 328 appellauit.
516 241 703 326 philosophi
736 242 822 307 enirn
854 243 964 310 dicunt
991 237 1048 309 in·'

37 332 234 398 dicendarum
262 353 370 397 rerum
397 353 495 397 causa
522 331 672 396 inuentus
701 351 772 396 esse
799 354 904 398 uoces.
995 333 1038 400 50

37 422 284 506 ttfingeret.
307 420 402 506 ling.
438 443 507 486 non
530 425 741 486 seruauerunt
763 421 831 485 eius
852 420 858 503 1
877 423 933 507 qui
955 423 1039 488 inter

37 532 138 576 omnes
159 509 213 574 hic
235 510 345 595 ethegi
367 532 468 574 unum
490 509 816 593 4444444444414.
849 512 1037 578 cinctutis

37 620 101 664 non
123 599 279 664 exaudit
264 602 303 663 ta
325 598 352 670 f!
370 609 503 672 ΤὸΕΞΗ(
526 596 723 682 4444444441
743 599 819 684 hegi
842 621 965 666 morem
989 617 1063 666 445

38 692 184 753 44444444
226 687 294 752 4444
338 710 419 773 quae
460 708 569 753 romae
609 687 699 752 Inter
727 688 731 770 1
762 710 844 752 4444
875 689 1036 773 discerpta

37 801 148 843 romam
165 777 345 879 rettulerat.
322 781 486 863 tnuqua
506 773 511 864 Ι
532 776 619 840 enim
638 777 748 842 tunica
770 777 821 842 usi
844 782 929 843 sunt.
960 777 1036 845 Ideo

37 866 157 932 cinctut
147 888 175 930 rs
133 865 326 931 thisdixr
318 862 365 952 451
387 866 541 968 quoniam
560 866 701 931 cinctum
720 871 770 931 est
782 887 884 952 genus
899 868 1036 933 tunicae.

35 956 108 1020 infra
130 959 242 1041 pectus
266 959 365 1040 aptat.
385 951 439 1040 1
411 977 458 1020 ers
481 975 559 1040 ergo
581 976 649 1020 non
667 956 817 1020 exaudita
835 956 968 1022 uerbat
954 960 1035 1022 tam·

37 1068 122 1128 quam
158 1045 291 1110 4444444
319 1043 386 1128 14
417 1045 665 1110 intercaesarem
694 1066 791 1110 nemo
828 1046 917 1111 dixit.
975 1046 1038 1111 444
1024 1051 1077 1111 444

37 1137 133 1198 cutem
160 1134 320 1200 intestinu
345 1132 350 1220 1
374 1134 537 1217 pusillum.
587 1133 632 1198 Et
659 1133 773 1199 deinde
801 1135 893 1199 uerbi
922 1140 996 1220 grat
997 1137 1037 1200 44.

37 1223 74 1287 sic
95 1223 222 1308 alapam
246 1245 320 1288 cum
339 1221 344 1305 1
365 1244 430 1288 uno
450 1223 575 1308 digito
566 1245 654 1288 mam
671 1223 804 1287 ferimus
824 1224 1009 1290 auriculam

37 1313 71 1376 52
104 1317 140 1378 44
177 1334 278 1378 4444
313 1313 487 1396 fictaque
524 1334 646 1395 nuper
681 1311 880 1376 habebunt
866 1313 1037 1378 444444

37 1385 139 1468 fidem
171 1401 205 1467 si
233 1399 379 1466 Graeco
411 1401 520 1466 fonte
552 1401 694 1464 cadent
726 1423 840 1484 parce
873 1401 937 1466 det
922 1405 1027 1467 44444

38 1493 135 1592 magis,
157 1491 274 1575 inquit,
297 1513 356 1555 auc
357 1490 471 1556 4444444
472 1513 523 1555 em
545 1490 661 1554 mereri
679 1494 817 1573 possunt
830 1512 917 1555 noua
929 1473 1037 1574 44444,
1053 1509 1078 1550 ιι

37 1581 57 1644 44
84 1603 101 1644 4
132 1578 256 1644 Graeco
284 1579 405 1645 fuerint
390 1579 471 1644 tin
501 1577 651 1644 Latinum
679 1578 804 1643 deriuat
790 1583 886 1664 tua,
864 1582 1036 1645 uttrans-

38 1669 154 1734 tulimus
178 1668 355 1734 triclinium
378 1665 489 1754 (antea
513 1669 700 1734 cenaculum
722 1667 802 1732 illud
832 1668 1036 1749 4444444444,

38 1757 99 1840 quia
123 1757 171 1822 ibi
200 1753 452 1843 444444444144
437 1757 520 1822 4544
554 1762 635 1844 οἴνῳ
672 1757 785 1822 uinum
818 1761 851 1824 44
882 1781 901 1822 4
936 1758 1036 1842 cylice

9 1917 10 1926 1
38 1779 154 1911 inlicem
184 1849 217 1911 et
244 1869 264 1910 4
295 1867 432 1931 coccyge
462 1847 620 1911 cuculum.
702 1845 744 1911 55
777 1867 845 1932 ego
880 1869 944 1911 cur
974 1847 1036 1911 ad·

9 1935 10 1938 ’
38 1936 175 2018 quirere
204 1957 326 2020 pauca
354 1936 385 2000 si
412 1958 566 2019 possum
594 1934 790 2005 inuideor:
819 1957 891 1999 cum
919 1936 1075 2001 Plautoac

39 2023 227 2109 Caecilioque
243 2025 443 2127 ‘permissum
466 2025 518 2108 sit,
541 2045 568 2088 s1
560 2023 764 2107 '‚uoluerant
787 2025 887 2088 uerba
905 2024 1036 2110 fingere,

36 2135 81 2177 cnr
100 2114 183 2180 mihi
205 2114 314 2193 minus
336 2114 434 2178 liceat
456 2075 608 2178 Latmum
631 2075 786 2198 ampliaie
808 2134 988 2178 sermonem
1002 2117 1036 2178 44

37 2204 114 2268 44444
144 2203 196 2282 444
227 2203 344 2268 uerbis.
402 2202 581 2267 inuideor
616 2202 726 2286 posuit
762 2224 835 2287 pro:
874 2202 1037 2268 inuidetur
1156 2231 1159 2238 ·

37 2292 110 2356 nihi.
170 2292 214 2357 63
234 2291 412 2357 debemur
434 2291 550 2356 morti
572 2314 642 2357 nos
664 2294 884 2377 nostraque.
920 2293 1037 2376 probat

37 2401 109 2446 nunc
122 2381 277 2446 uniuersa
290 2381 388 2446 morti
401 2403 472 2445 esse
487 2379 660 2465 destinata3
680 2381 779 2445 etiam
792 2381 893 2445 44444
906 2381 1036 2446 interire
1051 2402 1076 2442 44

38 2490 97 2533 cum
119 2492 220 2555 opera
241 2469 419 2535 hominum.
501 2469 545 2534 65
574 2469 800 2553 sterilisque
828 2469 894 2533 diu
915 2470 1036 2553 palus.

37 2555 126 2624 Diuus
165 2557 287 2626 Caesar
323 2559 402 2623 duas
438 2559 625 2623 instituerat
660 2580 711 2623 res
747 2558 865 2642 facere,
906 2561 1036 2641 portum

37 2645 209 2714 Ostiensem
240 2648 365 2712 munire
398 2650 430 2712 et
460 2646 668 2732 Pomptinam
704 2646 854 2730 paludem
887 2669 970 2730 quae
1001 2648 1037 2711 in

36 2733 201 2822 Campania
223 2737 330 2803 estad
354 2736 661 2822 quadragensimum
684 2735 867 2818 miliarium,
890 2735 1036 2800 emittere

93 2956 108 3003 3
127 2949 266 3005 44444444
285 2949 416 3018 perspexi
438 2949 496 3003 4444
517 2947 663 3002 interanea
686 2946 905 3030 coniunpeadum
929 2947 1039 3016 eiusque

39 3021 100 3074 44444
125 3021 396 3090 intepretammtum
428 3035 482 3074 esse
509 3020 554 3074 444
580 3021 675 3073 autem
702 3017 869 3072 intestinum
894 3017 1037 3086 pusillum.

39 3088 106 3146 444444
127 3094 192 3159 fort.
211 3092 385 3146 scribendum
407 3095 459 3144 est:
482 3091 587 3160 fingere
611 3088 742 3144 cinctutis
765 3104 822 3143 non
839 3087 972 3143 exaudita
989 3088 1039 3141 καὶ

38 3156 65 3213 τὰ
86 3157 132 3229 ἓξ
115 3164 159 3235 ης]
184 3178 281 3218 omnes
304 3162 334 3216 44
360 3161 479 3231 Cethegi
500 3178 607 3216 morem
632 3161 816 3216 seruauerunt
833 3159 904 3224 eius,
930 3158 979 3227 qui
997 3157 1038 3211 in-

38 3183 139 3289 teranea
155 3235 301 3316 discerpta
315 3233 434 3288 Romam
451 3233 601 3288 rettulerat
664 3233 814 3300 captatae
833 3248 851 3298 ς
869 3200 931 3284 hie?
1004 3234 1038 3283 10

38 3300 139 3360 insolita
156 3307 185 3361 ot
203 3303 335 3359 intercisa
352 3321 471 3372 nemog
535 3310 568 3357 13
587 3303 657 3359 ficta
674 3320 747 3372 quae
767 3302 805 3356 M
867 3302 901 3354 14
915 3300 1037 3355 detorta:

38 3372 141 3445 dempta
156 3377 193 3431 M
246 3383 279 3432 18
294 3375 398 3431 coelice
414 3376 459 3443 Μ,
477 3370 607 3444 κόλιιιις
662 3372 901 3443 1944443444441,
920 3365 1039 3439 ιιόιιιιυγι

39 3463 53 3510 ς
125 3464 260 3503 cucunam
280 3449 318 3501 M
401 3452 434 3501 21
455 3463 592 3516 permissa
608 3464 647 3501 s1c
666 3446 815 3500 uoluerant
834 3443 873 3496 M
958 3447 991 3496 25
1010 3445 1040 3496 44

39 3517 111 3572 tam
131 3524 259 3589 ,quaml
336 3524 370 3574 26
389 3518 490 3588 paulus
511 3518 548 3572 M
628 3523 662 3572 28
681 3518 867 3586 pomptrmam
887 3515 924 3567 M
1004 3517 1039 3566 29

40 3562 160 3646 44444444
179 3591 218 3645 M
