2416 3934
132 183 174 248 68
537 178 610 234 cca
629 179 662 249 11,
683 185 723 234 1c.

131 349 265 411 tamus.
312 344 358 408 sic
386 346 419 408 et
445 341 661 428 Uergilius:
693 341 820 427 Atque
848 341 926 406 alio
956 345 1154 425 quaerunt

132 435 299 519 patriam
332 433 400 498 sub
433 433 513 498 sole
544 432 742 496 iacentem.
812 431 853 495 19
876 431 1028 514 patriae
1063 432 1153 516 quis

132 525 220 588 exul
244 544 281 587 se
306 543 454 607 quoque
481 521 594 606 fugit.
641 541 754 586 sensus
778 523 840 585 est:
873 519 944 604 quis
968 541 987 584 a
1010 541 1043 585 se
1069 542 1154 605 quo·

132 635 195 697 que
224 615 280 677 aut
308 611 388 676 uitio
417 610 572 675 auaritiae
600 631 677 674 suae
706 608 898 693 [sapientiae
922 609 1012 689 suae]
1038 610 1156 692 potuit

107 701 259 786 sfugere,
282 701 337 784 qui
359 700 499 784 patriam
521 697 676 782 reliquit?
745 699 787 763 21
813 697 966 763 scandit
993 700 1155 762 aeratas

132 791 279 855 uitiosa
301 789 422 855 nauis.
467 809 525 872 per
547 787 609 853 hoc
633 787 788 872 ostendit,
809 807 913 872 neque
936 787 1018 851 mari
1040 807 1154 872 neque

133 884 220 943 terra
242 899 337 961 posse
361 899 555 962 quemquam
578 899 672 942 ouras
696 897 772 941 suas
795 876 944 962 effugere.
1011 877 1055 940 22
1079 898 1155 940 nec

132 971 279 1032 turmas
308 965 703 1051 equitumrelinquit
748 965 782 1029 id
805 969 867 1030 est:
892 966 990 1029 etiam
1013 965 1040 1028 si
1065 985 1155 1049 equo

134 1056 215 1120 uelis
243 1077 336 1120 curas
364 1053 519 1140 effugere,
552 1058 727 1139 sequentur
755 1055 830 1118 illae
859 1057 892 1118 te
916 1057 1038 1136 tamem
1072 1059 1155 1118 sunt

95 1164 121 1203 10
135 1145 222 1208 enim
253 1144 357 1208 cernis
386 1147 420 1210 et
447 1144 526 1228 ipsis
549 1144 656 1208 uentis
679 1144 865 1208 uelociores.
955 1142 1156 1206 anicetus

134 1235 174 1298 in
196 1253 381 1317 praesens
409 1255 437 1296 a.
482 1233 720 1316 praesentibus,
743 1231 865 1316 inquit,
888 1231 1084 1296 delectemur
1114 1254 1156 1296 ac

133 1322 290 1406 fruamur,
311 1321 422 1386 futura
440 1342 508 1385 non
527 1343 727 1406 quaeramus.
773 1321 816 1385 26
835 1324 872 1385 et
891 1342 1018 1385 amara
1038 1320 1155 1406 lento

134 1413 324 1495 temperet
351 1411 439 1474 risu.
485 1410 732 1475 amaritudinem
754 1410 841 1474 uitae
863 1409 1028 1474 hilaritate
1049 1409 1157 1474 inter·

133 1500 242 1584 posita
264 1499 373 1563 leniat.
440 1499 483 1562 27
508 1499 608 1563 nihil
635 1502 693 1563 est
721 1499 766 1562 ab
794 1499 907 1564 omni»
926 1503 1037 1582 parte
1060 1498 1157 1563 bea·

96 1608 121 1648 1⁵
134 1593 223 1653 tum.
291 1588 488 1652 extrinsecus
515 1586 570 1652 hic
597 1587 805 1653 audiendum:
836 1590 996 1672 quatenus
1019 1609 1156 1653 conces·

137 1699 209 1742 sum
231 1676 417 1741 hominibus
440 1697 508 1740 non
536 1679 598 1760 est,
625 1679 662 1741 ut
683 1697 742 1761 per
765 1676 874 1740 omnia
895 1676 985 1740 beati
1008 1677 1082 1740 sint.

135 1765 178 1830 29
203 1764 369 1829 abstulit
393 1767 456 1846 [et]
481 1765 624 1830 clarum
649 1766 725 1828 cita
748 1786 849 1829 mors
872 1764 1056 1830 Achillen
1075 1765 1095 1828 l.
1117 1766 1157 1829 Τ.

135 1857 177 1918 m.
201 1877 225 1918 s.
272 1854 427 1940 ostendit,
459 1853 678 1920 diuersitatem
704 1875 812 1918 rerum
841 1853 1057 1918 humanarum
1085 1852 1158 1918 duo
1206 1889 1207 1898 κ

135 1943 221 2008 inter
250 1965 283 2008 se
314 1943 477 2010 contraria
499 1943 655 2027 posuisse,
675 1943 808 2008 breuem
831 1941 969 2008 Achillis
992 1943 1095 2007 uitam
1123 1947 1160 2007 et

96 2054 123 2094 so
136 2032 272 2097 Tithoni
298 2054 399 2117 usque
428 2033 469 2097 ad
495 2032 643 2096 ultimam
672 2035 869 2096 senectutem
891 2035 1084 2117 porrectam.

137 2121 179 2184 33
209 2123 247 2184 te
277 2141 414 2206 greges
449 2124 601 2185 centum
631 2118 859 2204 Siculaeque
894 2121 1038 2185 circum
1072 2143 1160 2185 mu·
1205 2127 1206 2168 ³

137 2209 250 2291 giunt
279 2230 427 2273 uaccae.
473 2209 542 2293 alii,
562 2209 682 2293 inquit,
706 2209 836 2274 diuitias
859 2210 891 2274 di
915 2231 988 2274 cum
1017 2211 1160 2274 insatia—
1205 2214 1206 2235 ¹

137 2295 195 2358 bili
218 2295 328 2361 animo
351 2296 525 2379 dederimt,
548 2299 582 2360 at
604 2297 684 2362 mihi
706 2302 931 2383 paupertatem
954 2321 1027 2363 cum
1049 2299 1161 2363 animi

138 2383 310 2468 aequitate.
358 2406 417 2469 per
453 2385 539 2468 quod
577 2386 737 2472 ostendit,
774 2389 819 2452 sic
854 2389 986 2472 ingenia
1022 2386 1162 2453 diuersa

98 2492 124 2534 25
136 2472 326 2558 plerumque
354 2495 423 2538 esse
449 2473 636 2540 hominibus
664 2479 701 2540 ut
730 2476 887 2560 fortunas.
956 2477 999 2541 35
1022 2479 1059 2541 te
1092 2477 1162 2542 bis

137 2561 233 2632 Afro
270 2561 411 2627 murice
448 2562 596 2632 tinctae
632 2565 810 2629 uestiunt
849 2567 970 2630 lanae.
1033 2563 1162 2630 Afrum

137 2652 292 2717 muricem
313 2673 373 2736 pro
397 2651 495 2736 Tyrio
519 2652 608 2737 dixit,
630 2653 781 2718 uidelicet
804 2655 879 2738 quia
897 2654 988 2737 Tyrii
1010 2655 1046 2718 in
1066 2653 1162 2718 Afri-
1203 2651 1204 2686 c

123 2763 210 2805 ¹cam
239 2741 461 2826 transierunt,
485 2741 540 2826 qui
571 2739 800 2828 Carthaginem
835 2743 1055 2808 condiderunt
1102 2743 1162 2808 bis

138 2831 275 2894 tinctam
299 2833 406 2894 autem
428 2832 538 2895 lanam
562 2831 710 2915 ὃίβαφον
732 2854 908 2915 purpuram
930 2832 1021 2915 dicit,
1054 2853 1164 2916 quam

100 2919 259 2983 noscimus
283 2940 351 2982 esse
374 2920 606 3002 pretiosiorem.
673 2921 715 2985 37
741 2924 778 2984 et
806 2922 984 3005 spiritum
1011 2919 1162 2986 Graiae
1202 2957 1203 2984 r

138 3009 291 3070 tenuem
329 3004 516 3072 Camenae
556 3007 676 3074 Parca
718 3031 794 3074 non
835 3011 995 3076 mendax
1036 3010 1163 3074 dedit.
1202 2991 1203 3081 l

141 3095 251 3174 [dixit]
276 3095 454 3178 spiritum
476 3100 627 3162 tenuem
646 3097 679 3161 id
699 3100 747 3162 est
762 3098 912 3162 subtilem
927 3100 1043 3183 accipe.
1078 3097 1164 3164 ‘Ca-

213 3291 226 3340 1
247 3287 346 3356 Georg.
367 3293 391 3356 2,
412 3294 463 3342 512

142 3405 354 3414 Ἀ

211 3469 228 3515 4
248 3463 308 3516 aut:
328 3463 359 3517 id
378 3464 419 3518 est
438 3479 487 3532 ag
542 3469 745 3540 sapient1psue
761 3467 805 3532 M,
824 3468 926 3522 deleat:
940 3469 991 3521 aut
1003 3467 1165 3536 impatien—

140 3533 345 3634 tiamsuamg
396 3541 445 3636 ,17
465 3537 522 3588 crta
539 3553 576 3589 m.
595 3543 621 3590 a.
642 3537 720 3591 LM
785 3544 819 3593 22
838 3538 986 3611 bachelt!
1041 3537 1166 3595 dicum

141 3609 165 3654 (t
183 3603 321 3658 dederunt
338 3620 399 3658 aos.
421 3604 518 3658 drount
536 3611 561 3659 ct
579 3607 698 3662 oderunt
718 3608 756 3662 M
818 3616 852 3664 27
870 3612 935 3664 tmo
956 3610 994 3663 M
1045 3609 1166 3680 &qma

146 3673 180 3725 M
250 3680 283 3728 28
304 3677 476 3746 cartaginem
496 3676 534 3728 M
604 3684 637 3731 31
658 3695 760 3748 pruroa
779 3679 817 3732 M
878 3687 911 3735 32
931 3696 1076 3736 camenae:
1097 3698 1166 3736 car-
