2378 3934
184 109 249 174 272
499 107 679 162 EPISTULA
697 108 718 175 1,
737 113 762 175 a,
781 113 877 162 3-32.

184 272 355 339 Germanis
378 270 588 336 Germanicus
611 269 716 334 dictus
738 273 796 334 est.
827 271 897 353 ipse
916 269 1064 340 Tiberius
1078 272 1168 336 doctus

185 368 218 428 et
232 362 343 426 doctos
358 361 492 426 comites
510 358 633 423 habuit
691 359 712 422 3
736 359 905 442 conpede
928 360 1093 444 uinctus,
1113 363 1169 444 quie

186 449 394 535 congelascit.
461 449 484 512 4
507 470 554 512 an
576 447 678 511 freta
700 447 851 512 uicinas
873 448 975 514 inter
998 453 1171 514 currentia

185 539 313 604 turris.
362 559 500 622 presse..
525 539 547 618 †
573 537 659 602 inter
687 537 856 601 sumentia.
900 540 1005 603 turres
1027 537 1127 604 Herus
1149 545 1172 602 et

157 628 333 694 sLeandri.
377 628 462 692 inter
484 625 601 692 Seston
623 628 656 689 et
669 623 811 710 Abydon
833 627 974 692 medium
996 631 1046 692 est
1071 626 1173 692 Helles·

185 717 279 802 ponti
301 717 429 782 fretum.
474 715 527 780 uel
549 715 693 798 ipsarum
716 715 845 779 urbium
867 719 983 782 turres.
1064 716 1174 800 liquid

187 806 363 872 studiosa
394 805 532 869 cohors
565 825 720 886 operum
754 805 882 868 struit.
941 804 1078 870 cohors
1107 826 1174 868 nuuc

187 896 290 960 amici.
335 896 466 958 namet
487 890 661 957 Lucilius
683 913 748 975 eos,
772 893 828 978 qui
846 915 918 958 cum
936 893 1131 977 praesidibus
1146 893 1175 956 ad

187 984 339 1049 salarium
362 986 449 1064 eunt,
471 982 493 1061 †
516 981 687 1045 mercede
710 1001 833 1046 meras
856 983 1033 1068 legiones
1057 983 1107 1046 ait.
1161 985 1174 1042 ll

147 1095 173 1135 ιο
187 1072 276 1157 quid
299 1069 426 1136 Titius
449 1069 621 1135 Romana
643 1070 752 1135 breui
775 1073 963 1136 uenturus
982 1072 1023 1134 in
1041 1092 1111 1135 ora.
1138 1070 1174 1132 Ti·

186 1161 252 1226 tius
278 1162 377 1244 poeta
402 1159 456 1224 hie
483 1158 659 1224 Pindarum
681 1157 799 1225 Latino
827 1160 932 1225 uoluit
958 1179 1105 1224 sermone
1125 1180 1176 1222 uer»

185 1254 263 1314 tere.
313 1248 436 1313 deridet
464 1251 572 1312 autem
599 1249 686 1312 hune
713 1248 884 1336 Horatius,
915 1247 1003 1334 quod
1033 1270 1125 1312 ausus
1147 1249 1176 1310 sit

189 1359 314 1404 sacrum
343 1359 424 1421 opus
453 1336 654 1400 attaminare.
703 1340 813 1421 potest
839 1341 949 1403 tamen
978 1342 1013 1402 et
1035 1357 1108 1401 uere
1127 1337 1176 1398 lau-

189 1427 274 1492 dare.
319 1447 397 1490 nam
410 1424 531 1489 Tiberii
555 1444 662 1490 comes
686 1428 719 1488 et
741 1425 946 1491 doctissimus
969 1426 1035 1492 fuit
1052 1429 1085 1492 ct
1100 1425 1176 1509 lyrica

147 1515 400 1667 15{3)0115<31'lp.⁰›ib.t
437 1514 478 1578 10
501 1512 679 1666 harpalus:
689 1535 782 1666 Ipurp
805 1513 971 1668 ‘haustui'lil
1043 1515 1084 1616 ld
1105 1513 1176 1666 {ipe-

217 1624 310 1667 anos
334 1625 380 1686 ap
405 1624 468 1667 are
496 1624 554 1667 mo
588 1624 643 1667 os:
716 1624 886 1669 mancos.
968 1625 1095 1668 eenrm
1156 1621 1176 1664 e·

188 1691 293 1756 banus
316 1691 387 1754 fuit
471 1690 512 1754 15
535 1691 626 1776 quid
650 1691 743 1755 mihi
766 1689 901 1757 Celsus
924 1693 1008 1778 agit
1030 1691 1176 1757 monitus

188 1781 432 1864 multumque.
479 1777 592 1844 Celsus
615 1780 668 1844 hic
680 1785 774 1862 poeto
791 1779 863 1864 fuit,
882 1802 977 1865 quem
995 1785 1109 1846 monet.
1136 1802 1151 1861 q

189 1870 314 1934 solebat
341 1869 441 1933 libros
469 1867 505 1932 in
531 1868 761 1934 bibliothecam
790 1870 953 1954 Apollinis
980 1873 1120 1954 receptos
1139 1889 1167 1928 er

147 1982 175 2022 ao
188 1979 316 2042 corpere
344 1961 378 2023 et
403 1957 527 2023 alienos
554 1980 667 2030 uersus
695 1981 754 2044 pro
783 1961 849 2024 suis
876 1961 1021 2024 recitare.
1067 1958 1112 2022 cui
1132 1955 1175 2018 sub

188 2047 395 2112 conuenienti
422 2047 558 2111 comicis
587 2047 706 2112 fabella
733 2047 824 2133 dicit,
851 2052 889 2112 ut
916 2049 1023 2113 aliena
1050 2047 1107 2112 sibi
1126 2065 1175 2107 no*

189 2135 341 2220 uindicet,
363 2157 414 2218 ne,
437 2136 465 2200 si
488 2137 707 2221 unusquisque
732 2158 791 2201 sua
809 2137 913 2222 tollat,
935 2137 988 2201 ille
1008 2157 1100 2203 suum
1116 2064 1175 2230 nihil

188 2222 342 2287 inueniat.
401 2223 444 2288 26
467 2224 615 2310 frigida
637 2243 813 2290 curarum
830 2224 1010 2290 fomenta.
1043 2223 1174 2310 poeticam

190 2311 363 2396 significat,
391 2334 456 2395 qua
482 2314 596 2378 relicte
621 2314 691 2398 ipse
725 2314 903 2398 sapientiae
935 2314 1067 2379 studuit.
1146 2309 1174 2390 ll!

149 2421 175 2462 25
190 2400 222 2464 si
248 2400 399 2483 patriae
427 2402 605 2467 uolumus
634 2404 666 2467 si
694 2403 806 2468 nobis
829 2403 962 2467 uiuere
985 2403 1065 2468 cari
1086 2400 1161 2466 debe

189 2487 267 2554 hoc.
318 2490 392 2572 apte
421 2490 462 2554 ab
489 2490 562 2574 ipsa
587 2492 683 2556 laude
710 2491 935 2578 philosophiae
967 2490 1126 2557 descendit
1148 2411 1174 2582 ai

188 2577 398 2642 inhibendam
421 2578 490 2643 eius
512 2581 713 2645 iracundiam
737 2580 892 2646 aduersus
919 2581 1066 2646 amicum.
1144 2577 1173 2637 3‘1

191 2668 244 2732 sit
265 2667 340 2731 tibi
362 2688 486 2732 curae.
532 2668 622 2734 deest
645 2668 720 2755 ‘an'‚
742 2670 779 2732 ut
803 2669 846 2733 sit
869 2689 996 2734 sensus:
1022 2692 1064 2734 an
1081 2667 1120 2732 sit
1134 2659 1173 2726 lib*

191 2777 286 2820 curae
308 2753 485 2822 Munatius.
575 2759 619 2824 32
647 2758 776 2844 gratia
802 2759 1035 2844 nequiquam
1062 2755 1131 2822 coit
1153 2681 1173 2816 el

263 2920 279 2968 9
298 2915 386 2969 Lucil.
408 2922 432 2984 1,
452 2921 486 2972 30

203 3083 215 3119 ·.
262 3044 278 3092 3
302 3055 335 3092 ao
359 3040 398 3092 Μ
503 3046 654 3109 4ρτεωεεθ
679 3045 705 3094 et
727 3055 789 3094 erus
812 3046 837 3094 et
859 3039 1014 3110 ellesponto
1038 3038 1085 3104 M,
1105 3047 1166 3104 press

195 3108 280 3164 ‘mter
303 3111 443 3166 currentia
468 3111 568 3166 turres’
594 3111 678 3180 (pror
703 3108 777 3164 inter
799 3114 910 3181 turres>
929 3111 1020 3166 Herus
1037 3112 1065 3165 et
1081 3109 1147 3162 Lean

193 3180 240 3234 uel
258 3180 381 3250 ipsarum
399 3181 511 3237 urbium
528 3183 629 3236 turres.
648 3181 755 3250 (narn)
772 3181 846 3236 inter
864 3179 966 3237 Seston
984 3187 1031 3236 cto.
1053 3195 1098 3234 uos

191 3253 301 3334 merent
314 3252 336 3303 I
335 3269 381 3307 aa.
395 3253 494 3309 Doara
507 3269 557 3309 sec.
576 3253 701 3307 Nonium
715 3255 778 3318 345,
797 3253 844 3307 cert
856 3257 995 3323 repausat
1007 3249 1112 3307 decutio
1125 3099 1171 3402 PR

188 3320 357 3444 aare
377 3329 425 3445 131⁰
441 3322 890 3450 mttltthlfflaal‘tl
919 3320 1122 3450 corut

658 3463 965 3590 aaran
975 3458 1146 3589 suu

194 3587 303 3659 Pauly-¹
322 3553 572 3657 conueurentrspM
636 3575 738 3659 labelli
754 3553 816 3659 Mai
858 3611 893 3659 24
911 3605 946 3673 cf.
966 3607 1004 3661 od
1017 3552 1061 3659 ll
1078 3608 1101 3658 1.
1118 3605 1137 3652 1·
1153 3597 1164 3646 1
