2378 3934
413 133 485 190 ODEl
504 133 557 202 III,
576 138 619 187 24.
956 137 1018 200 111

32 299 166 383 praestare
187 295 346 362 barbaros
365 296 514 361 ostendit.
581 296 625 362 22
658 299 696 361 et
721 301 895 362 metuens
924 299 1020 366 alte-

32 389 94 450 rius
124 385 204 450 uiri.
263 384 521 450 subaudiendum
547 385 746 450 extrinsecus
775 387 1018 454 ‘concubitum

99 474 138 539 24
164 476 201 539 et
229 495 390 559 peecare
411 473 522 539 nefas
545 477 612 539 aut
632 474 804 559 pretium
837 479 895 540 eat
922 479 1018 543 mori

29 565 77 628 hoe
107 565 162 627 est:
202 583 338 647 peceare
372 562 465 628 nefas
496 563 625 630 uidetur
656 565 713 628 aut
743 564 799 649 qui
829 565 1019 650 peccauerit,

29 655 111 716 morte
130 673 250 736 poenas
272 652 344 718 luit.
411 650 455 717 25
492 651 713 737 equiequis
742 653 850 720 uolet
881 653 1044 738 inpias⁵

28 762 80 806 non
94 744 174 804 reete
197 763 218 806 a
240 741 403 824 superiore
435 732 506 829 ςόἃῇ
537 740 618 805 haee
648 744 908 827 separatorem,
945 763 1018 808 oum

28 829 85 894 inde
110 829 272 913 pendeant
300 832 334 894 et
364 829 428 893 illis
452 829 578 895 adnexa
595 829 670 894 sint.
737 830 780 894 27
805 831 837 895 si
860 835 1018 915 quaeret

27 921 113 1000 pater
141 917 294 983 urbium
325 917 519 983 subscribi
549 919 691 983 statuis
731 918 766 983 id
789 922 851 983 est:
897 919 925 984 si
947 921 1019 986 uult

28 1007 141 1092 gratim
163 1000 251 1091 apud
273 1005 360 1071 eines
384 1027 458 1072 suos
470 1006 643 1091 eollooare,
666 1028 723 1091 per
737 1029 835 1092 quam
848 1011 1018 1095 mereatur,

26 1099 53 1158 nb
68 1095 187 1178 publioe
207 1097 336 1160 statuae
358 1099 522 1179 ponantur
544 1099 578 1161 et
599 1096 635 1160 in
662 1096 759 1161 titulo
778 1117 888 1160 earum
908 1102 1018 1182 ‘pater
1031 1117 1057 1160 ro

26 1184 144 1248 urbium'
179 1183 392 1249 adscribatur.
492 1184 536 1251 30
572 1187 762 1269 quatenus
798 1184 1016 1253 heu-nefas

26 1273 187 1338 uirtutem
228 1272 461 1339 ineolumem
507 1272 664 1339 odimus.
733 1273 928 1339 sublatam
974 1297 1017 1340 ex

27 1361 124 1426 oeulis
157 1361 379 1446 quaerimus
411 1361 546 1427 inuidi.
592 1365 649 1448 qui
681 1363 786 1428 bonos
818 1363 907 1427 uiros
929 1363 1017 1428 ineo·

26 1449 105 1514 lunas
135 1450 300 1516 oderimus
330 1455 363 1516 et
385 1451 449 1515 iam
481 1453 627 1516 mortuos
649 1471 713 1516 aon
736 1450 912 1536 oderimus,
947 1451 1017 1536 ipse

27 1539 141 1603 ostendit
163 1539 333 1604 inferendo
357 1539 500 1604 ‘inuidi’.
545 1560 579 1605 re
597 1560 677 1604 uera
690 1541 776 1604 enim
789 1561 847 1624 per
860 1539 1016 1604 inuidiam
1031 1559 1056 1600 a

27 1627 58 1710 fil,
70 1633 102 1692 ut
117 1627 200 1693 boni
217 1627 281 1692 uiri
298 1627 375 1692 dum
392 1628 508 1692 uiuant
526 1627 576 1693 osi
590 1627 664 1693 sint
703 1629 746 1695 33
769 1629 859 1714 quid
878 1627 1016 1694 tristes

28 1716 277 1798 querimoniae.
322 1718 396 1782 ordo
417 1722 479 1783 est:
501 1718 579 1800 qaid
599 1718 700 1783 uates
721 1718 931 1800 querimoniae
944 1741 1016 1802 pro-

26 1805 119 1870 ficiunt.
166 1825 283 1870 sensus
312 1809 506 1871 astantem:
531 1805 608 1891 quid
630 1806 764 1889 prodest
785 1825 845 1870 nos
869 1806 907 1870 de
922 1808 1017 1872 melis

26 1895 142 1958 nuribus
167 1893 338 1979 conqueri,
370 1895 398 1959 si
420 1915 487 1959 non
514 1895 627 1977 eulpae
659 1894 793 1960 lieentia
813 1916 919 1978 paena
942 1916 1016 1960 oon·

26 1982 165 2062 pesoitur?
236 1983 280 2048 35
303 1982 393 2068 quid
414 1983 530 2068 leges.
576 2004 690 2048 sensus
713 1987 777 2049 est:
814 2004 917 2048 uanae
941 1989 1056 2049 sunta

26 2070 98 2155 leges,
120 2072 150 2136 si
173 2091 243 2136 non
262 2071 473 2136 obseruentur
495 2094 515 2136 a
537 2073 691 2138 moribus.
760 2072 803 2137 36
837 2073 868 2138 si
894 2094 1015 2158 neque

27 2159 164 2224 feruidis
193 2181 284 2245 pars
310 2159 462 2225 inclusa
489 2161 685 2226 ealoribus
725 2161 846 2226 idest:
885 2162 913 2227 si
935 2161 1016 2226 nihil

27 2251 108 2328 potest
139 2249 275 2314 obstare
307 2249 539 2332 cupiditatibus
545 2258 556 2333 ‚'
593 2270 652 2333 per
680 2271 760 2335 quas
788 2271 856 2316 non
888 2254 1016 2316 tanturn

27 2335 89 2420 leges
109 2339 352 2423 inrumpumtur‚
374 2359 487 2402 uemm
510 2338 609 2402 etiam
631 2339 705 2423 ipsa
722 2343 840 2404 natura
853 2360 1016 2426 expugna-

26 2427 61 2488 tur
94 2425 289 2491 adeuntibus
324 2427 405 2490 lueri
436 2447 534 2492 eausa
548 2434 551 2440 '
564 2445 666 2512 poene
698 2427 763 2492 iam
785 2429 1016 2494 inhabitabiles
1030 2445 1056 2486 2⁵

28 2514 214 2580 orbisterrae
237 2515 397 2600 regiones.
442 2515 485 2581 38
521 2537 590 2580 neo
625 2515 772 2581 Boreae
804 2517 1016 2582 finitimum

29 2601 112 2668 lutus.
163 2625 228 2688 quo
255 2604 352 2669 modo
390 2601 580 2669 ‘finitimum
602 2606 690 2669 latus
713 2603 853 2671 Boreae'
900 2605 1017 2670 dieitur

29 2691 146 2757 Australi
173 2692 359 2776 nominato,
399 2715 473 2758 oum
504 2693 589 2757 inter
622 2715 656 2758 se
678 2694 758 2759 haee
779 2694 957 2779 longinqua
979 2715 1017 2758 eo

30 2784 76 2844 loto
95 2781 202 2846 medio
231 2781 309 2846 orbe
332 2781 436 2846 diuisa
460 2781 548 2846 sint?
569 2782 726 2866 numquid
754 2787 787 2847 et
813 2783 888 2847 huie
912 2783 1016 2847 eloou-

29 2867 86 2932 toni
120 2870 324 2936 subtiliorem
359 2871 561 2935 intellectum
598 2870 804 2956 adhibemus,
844 2875 882 2936 ut
922 2875 1013 2936 ‘neo’
1029 2890 1056 2930 so

29 2959 195 3036 putenam
217 2957 269 3024 bis
292 2959 496 3044 accipiamus,
519 2960 619 3024 semel
638 2961 684 3024 sio
698 2961 923 3046 intellegentes
948 2964 1017 3024 ‘neo

30 3043 176 3112 finitimum
197 3045 322 3112 Boreae
344 3046 452 3132 latus',
479 3048 596 3112 iterum
620 3049 809 3134 simplieiter
837 3052 922 3114 ‘neo
944 3048 1016 3113 Bo·

30 3153 92 3198 reae
111 3135 324 3201 finitimum
345 3137 449 3202 letus
474 3137 713 3223 durataeque
736 3187 766 3203 ..
788 3139 898 3202 niues
921 3158 1016 3201 mer·

32 3227 172 3289 retorem
195 3225 367 3311 abigunt.
434 3226 479 3290 42
511 3246 688 3310 magnum
720 3227 923 3311 pauperies
952 3226 1016 3291 ob-

82 3440 111 3488 10
127 3435 241 3504 publioe
258 3452 321 3490 nos:
340 3437 471 3506 publroae
490 3437 530 3491 M
600 3443 632 3491 11
652 3453 737 3507 quam
754 3438 837 3491 tenus
856 3437 895 3490 M

36 3505 54 3552 ll
68 3504 110 3558 red
125 3505 200 3561 iam?
271 3523 327 3562 non
345 3508 444 3563 addidi
499 3507 649 3562 reinuidi.
668 3523 785 3562 reuera
801 3523 864 3561 nos:
881 3505 1017 3560 mordere.

35 3568 82 3628 lere
99 3577 133 3629 M
220 3583 254 3632 25
273 3577 433 3634 hominibus
452 3578 657 3646 adeuntiburg
747 3583 782 3632 28
800 3593 834 3630 ao
852 3591 915 3629 nos:
946 3576 1016 3628 haec

38 3640 126 3716 tog
194 3648 426 3720 340&th
