2378 3934
166 124 229 190 196
494 117 616 174 SERMO
634 117 655 187 Ι,
675 124 699 184 a,
719 121 851 171 91-101.

164 290 240 355 licet
271 287 444 350 utilitatem
476 281 684 369 pulcritudini
715 283 962 365 praeponentes,
1014 280 1074 346 hoc
1098 303 1163 366 ergo

166 377 243 442 dicit
274 394 534 460 unumquemque
566 371 682 435 debere
718 369 824 434 facere
861 370 945 435 circa
981 372 1166 454 contempla-2

165 467 288 532 tionem
315 463 472 545 mulieris,
504 464 541 525 ut
567 460 671 544 magis
704 458 878 523 utilitatem
910 481 1006 543 quam
1039 461 1167 794 specim}

166 556 290 620 formae
323 554 391 618 eius
420 555 477 615 aut
502 549 661 614 natalium
689 551 836 612 sectetur.
927 549 968 612 91
998 547 1164 633 Hypsaea

140 644 327 710 aeaeeior.
386 639 493 705 Plotia
523 637 678 723 Hypsaea
713 637 849 702 uitiosos
881 639 992 703 oculos
1027 637 1137 702 habuis

168 733 297 814 dicitur3
331 751 428 816 quam
455 729 508 792 hie
536 748 645 791 amare
668 727 703 790 in
724 727 866 791 transitu
887 727 1056 812 percussit.
1131 729 1148 792 9

167 826 362 887 matronae
390 820 545 902 praeter
571 816 712 880 faciem
739 815 838 880 nihil
869 838 1025 881 cernere
1047 817 1150 901 possi

168 914 297 976 cetere
332 908 371 972 ni
403 904 516 972 (latia
553 908 612 970 est
647 904 812 968 demissa
848 909 957 970 ueste
993 841 1168 1006 tegentis]

167 1002 296 1084 praeter
308 997 426 1061 faeiem
444 995 528 1060 nihil
552 1015 680 1059 cernere
702 997 871 1058 matronae
893 996 1015 1078 possis3
1038 995 1168 1079 reliquae

129 1115 155 1155 ιο
169 1087 256 1152 enim
284 1085 428 1170 corporis
451 1087 561 1168 partes
583 1086 673 1148 ueste
696 1082 855 1166 celantur,
877 1083 943 1148 nisi
965 1084 1050 1149 forte
1069 1083 1168 1148 (latiae

169 1176 286 1242 similis
318 1177 381 1253 est,
413 1195 495 1258 quae
533 1173 574 1237 ob
611 1172 861 1256 pulcritudinem
898 1194 1026 1237 crurum
1061 1174 1168 1257 pudore

169 1267 317 1352 neglecto
341 1264 408 1328 alta
431 1266 520 1328 ueste
544 1262 704 1326 utebatur.
761 1261 842 1327 haec
871 1265 979 1326 autem
1003 1263 1082 1327 adeo
1105 1223 1169 1346 uilii

169 1355 234 1420 fuit
255 1354 349 1418 utin
373 1353 450 1418 aede
473 1349 611 1416 Ueneris
634 1350 755 1414 theatri
773 1350 966 1436 Pompeiani
989 1349 1169 1416 admodum?

170 1467 245 1511 cum
257 1442 388 1509 Ualerio
404 1439 511 1506 Siculo
526 1441 640 1505 colono
662 1439 796 1504 tribuno
818 1440 923 1524 plebis
947 1440 1087 1506 obducto
1109 1441 1167 1504 uelo

130 1560 157 1602 15
172 1533 347 1598 admiserit.
406 1531 449 1596 96
473 1529 506 1594 si
528 1528 742 1594 interdicta
765 1531 873 1612 petes
898 1529 1003 1596 uallo
1023 1530 1168 1595 circum-

172 1624 261 1687 data
283 1642 368 1686 nam
391 1623 428 1683 te
451 1619 639 1702 etreliqua.
685 1619 713 1682 si
735 1618 892 1683 honestae
910 1619 1060 1703 feminae,
1084 1642 1168 1704 quam

171 1710 363 1794 compellare
386 1731 454 1773 non
475 1707 560 1791 licet,
583 1709 716 1791 propter
735 1707 821 1791 quod
840 1707 979 1773 maxime
994 1706 1170 1782 incenderis,

171 1797 362 1864 concubitus
391 1797 535 1882 adpetes,
567 1798 672 1861 multa
704 1800 793 1881 eunt,
825 1819 908 1881 quae
940 1801 973 1860 te
1003 1799 1168 1882 inpediunt.

173 1889 345 1974 quominus
373 1886 553 1972 perspicere
580 1886 700 1971 possis,
733 1887 838 1969 qualis
862 1887 918 1971 sit,
948 1909 1047 1971 quam
1070 1909 1168 1952 concu-

131 2006 159 2045 eo
171 1979 280 2064 piscis,
326 1976 436 2044 ‘uallo'
461 1978 569 2040 autem
592 1975 813 2040 ‘circumdata'
837 1976 1029 2060 allegoricos
1056 1977 1168 2043 dicitur.

172 2066 206 2134 id
234 2071 297 2131 est:
325 2065 481 2131 custodiis
509 2068 622 2149 saepta
650 2087 687 2130 ao
714 2066 929 2149 praemunita.
1020 2066 1062 2131 98
1086 2065 1171 2136 ciui-i

172 2156 298 2219 flones
321 2155 499 2239 parasiti.
544 2157 577 2217 et
599 2153 768 2218 ciniflones
791 2158 825 2218 et
847 2155 997 2219 cinerarii
1020 2154 1056 2218 in
1073 2155 1171 2218 eaden

173 2243 409 2326 significatione
433 2244 518 2327 apud
541 2246 666 2307 ueteres
689 2243 880 2308 dicebantur
903 2245 944 2308 ab
969 2243 1077 2310 officio
1099 2243 1170 2308 cala·

148 2331 361 2414 ¹mistrorum
384 2331 419 2395 in
443 2333 548 2397 cinere
565 2330 863 2416 calefaciendorum,
886 2333 1004 2418 quibus
1017 2337 1171 2397 matronae

132 2445 160 2488 ss
174 2419 308 2504 capillos
331 2420 528 2504 crispabant.
573 2420 663 2485 euius
691 2421 738 2485 rei
761 2424 794 2486 et
815 2419 1014 2508 Uergilius
1038 2422 1170 2486 meminit

174 2508 284 2574 dicens
306 2507 495 2575 Uibratos
518 2510 645 2575 calido
669 2510 772 2575 ferro
800 2533 1005 2597 murraque
1032 2512 1169 2576 maden·

174 2601 242 2664 tes.
312 2599 375 2663 100
402 2599 566 2683 plurima
594 2622 687 2685 quae
715 2599 921 2666 inuideant
947 2622 1040 2685 pure
1068 2622 1170 2684 appe-

174 2709 257 2752 rere
285 2687 359 2752 tibi
386 2709 465 2752 rem
491 2689 552 2753 hoe
580 2693 643 2753 est:
672 2693 705 2753 et
731 2689 796 2754 alia
823 2689 976 2774 plurima,
1009 2711 1090 2775 quae
1115 2709 1170 2752 nou

174 2778 342 2862 patiantur
373 2777 435 2842 tibi
467 2799 584 2863 corpus
616 2779 683 2842 eius
716 2800 881 2863 apparere.
964 2779 1026 2844 101
1061 2779 1168 2843 alteru

135 2893 162 2933 eo
176 2864 275 2928 nihil
299 2865 431 2930 obstat
453 2864 542 2932 Cois
564 2866 653 2931 tibi:
677 2866 788 2951 altera,
810 2867 925 2952 inquit,
948 2889 1031 2952 quae
1051 2869 1169 2952 prostat,

174 2953 338 3038 perlucida
374 2959 463 3020 ueste
500 2956 602 3020 utitur
633 2955 692 3040 ita,
729 2960 766 3020 ut
797 2957 888 3022 uelut
922 2957 1010 3022 nuda
1043 2953 1168 3039 conspici

247 3135 281 3184 aa
301 3130 370 3184 Aen.
391 3135 433 3198 12,
454 3137 505 3185 100

247 3272 501 3341 4hypseaceoror
520 3289 647 3342 ..1peea
667 3273 705 3327 M
772 3280 805 3329 10
824 3275 947 3343 m(e1a
966 3274 984 3329 l.
1003 3291 1037 3328 m.
1056 3273 1168 3341 allone

177 3344 289 3412 arcane.
310 3343 348 3394 M
418 3349 452 3396 12
470 3343 623 3398 utebantrn
642 3345 680 3398 M
751 3351 783 3399 13
803 3345 870 3400 cede
885 3345 924 3400 M
995 3351 1029 3400 14
1047 3345 1130 3400 ualen
1145 3355 1168 3392 ae

176 3411 261 3463 ertulo
281 3411 319 3462 M
336 3412 434 3466 colono
452 3413 502 3467 del.
522 3413 607 3468 Eetre'
618 3429 779 3486 prosopoyr.
804 3416 874 3471 Hor.
889 3432 920 3486 p.
941 3419 997 3472 teo
1068 3415 1168 3470 obdoolo

179 3479 217 3530 Μ
289 3484 321 3532 18
340 3479 429 3534 multe
448 3483 487 3534 M
556 3489 591 3538 20
609 3486 782 3541 crrcumdato
802 3487 840 3540 M
900 3493 933 3542 21
954 3489 1036 3557 septa
1054 3485 1092 3541 M
1143 3489 1167 3536 2¹2

177 3546 318 3600 crnelenes
337 3548 376 3600 M
454 3557 488 3605 25
506 3569 574 3607 cuna
594 3555 632 3608 M
711 3561 745 3610 27
763 3573 835 3626 puro
854 3557 893 3610 M
977 3563 1010 3612 31
1029 3555 1166 3628 perlucida:

178 3632 209 3682 q;
229 3616 294 3683 (que
312 3632 347 3668 m.
366 3619 405 3684 2.)
424 3618 519 3674 lucida
538 3623 582 3690 M,
600 3625 694 3678 lucida
713 3645 731 3694 ς
