2426 3934
336 165 517 220 nrisronl
536 167 557 235 1,
577 171 619 234 ιτ,
638 169 752 220 ‚sc-sa.
904 153 906 157 ’
986 165 1051 230 293

52 329 176 412 ‘quadra
198 327 303 413 panis'
325 329 432 412 inquit
455 328 548 414 ‘quae
571 328 628 392 uni
648 329 709 393 tibi
723 327 793 394 dari
805 332 943 416 poterat,
964 329 1052 396 fran-

50 420 135 502 getur
158 439 196 482 ac
219 417 379 482 diuidetur
402 418 541 503 duobus,
568 417 631 483 hoo
654 421 717 484 est:
742 417 835 483 diuiti
857 418 1051 502 inportunus

50 507 104 568 eris
126 508 160 570 et
183 506 376 590 displicebis,
398 507 483 572 unde
506 507 570 593 fiet,
593 511 638 587 ut,
662 507 760 571 etiarn
779 507 807 572 si
822 507 898 593 quid
913 507 1051 572 solidum

49 594 158 673 fuerat,
187 595 280 659 cedat
307 595 440 661 dnobus.
530 597 575 661 50
607 596 672 660 sed
704 595 848 660 tacitus
878 596 985 680 pasci
1018 598 1050 661 si

49 686 173 766 posset
194 704 333 748 rorans.
370 685 510 749 amioum
524 683 694 770 significat,
714 684 769 769 qui
788 684 816 748 si
833 705 868 748 sc
886 689 1077 768 pateretur⁵

51 773 85 834 ali
110 794 129 835 a
152 772 254 837 diuite
276 773 426 858 tacitum,
452 795 557 857 neque
587 773 649 837 sibi
673 771 835 837 aemulum
859 778 1051 858 conpararet

49 881 141 944 reque
169 861 278 926 minus
306 862 474 946 acciperet.
519 883 597 926 nam
628 883 744 926 coruus
769 882 841 926 cum
864 863 988 926 accedit
1011 863 1051 926 ad

51 949 155 1033 cibum,
180 951 318 1033 strepitu
347 951 436 1015 uocis
459 949 542 1016 alias
565 971 642 1015 aues
665 951 812 1036 arcessit,
838 951 923 1016 unde
946 950 992 1036 fit,
1016 955 1052 1015 ut

15 1055 17 1118 p
51 1039 126 1102 solus
149 1038 243 1122 pasci
264 1060 330 1104 non
352 1039 465 1123 possit.
511 1042 545 1103 et
572 1039 700 1104 subtilis
722 1040 827 1125 figure
848 1039 896 1105 ita
919 1040 1051 1105 diuitem

15 1119 17 1194 l
49 1127 106 1208 peti
132 1126 177 1191 ab
205 1127 317 1192 amicis
344 1132 381 1192 ut
409 1151 429 1192 a
456 1128 561 1193 eoruis
589 1127 755 1193 cadauera.
801 1129 869 1192 alii
891 1133 1010 1212 putant
1033 1141 1093 1192 a1⁰

15 1225 16 1280 ἲ
51 1235 136 1280 corno
177 1218 211 1279 et
242 1238 262 1280 a
293 1217 390 1300 uulpe
422 1217 485 1282 hoe
515 1217 723 1300 translatum,
755 1215 811 1280 sed
843 1217 936 1280 male.
1009 1213 1053 1282 52

15 1315 17 1360 5
50 1301 297 1369 Brundesium
329 1323 463 1370 cernes.
508 1305 607 1388 idem,
639 1305 756 1388 inquit,
789 1305 875 1388 quod
902 1306 1054 1369 meretrix

15 1413 17 1518 p
50 1391 118 1456 facit
140 1394 280 1457 amatori
304 1415 372 1477 suo,
395 1415 490 1479 quem
514 1394 674 1458 simulatis
698 1393 825 1457 damnis
852 1393 1053 1477 plorabunde

15 1523 17 1570 3
51 1481 168 1566 spoliat,
191 1481 271 1546 facit
294 1482 392 1546 eliam
414 1482 484 1568 regi
507 1504 566 1547 suo
591 1483 713 1547 amicus
735 1481 855 1567 minor,
882 1504 955 1546 curn
978 1503 1053 1566 que-

15 1583 16 1602 *
52 1570 122 1633 ritur
145 1572 250 1634 semet
272 1571 307 1634 in
330 1571 459 1654 itinere,
482 1592 546 1656 quo
570 1591 677 1636 eomes
700 1570 835 1656 ducitur,
859 1570 979 1655 aliquid
1000 1571 1055 1634 uel
1068 1580 1094 1622 1⁶

15 1661 17 1712 l
52 1657 221 1740 perdidisse
243 1659 297 1722 uel
320 1660 459 1725 sensisse
482 1660 688 1725 incommodi.
755 1659 799 1725 55
821 1664 914 1724 nota
934 1659 1056 1723 refert

15 1747 17 1818 l
49 1747 257 1812 meretricis
280 1748 463 1814 acumina.
507 1749 561 1814 hic
579 1748 669 1814 loeus
688 1750 727 1814 de
746 1747 981 1813 Truculento
1005 1751 1055 1812 est

15 1889 17 1922 r
51 1833 170 1900 Plauti
193 1835 314 1916 fabula,
336 1837 393 1902 ubi
407 1837 595 1903 adulescens
609 1837 686 1902 dicit
704 1837 783 1902 Aut
799 1837 901 1921 perit
923 1857 1055 1901 aurum

15 1935 17 2000 l
50 1927 103 1987 aut
133 1925 338 1990 conscissa
370 1930 430 1992 est
456 1926 606 2010 pullula
634 1929 667 1991 et
695 1930 809 1990 cetera.
864 1923 1053 1989 catellam.

15 2011 17 2096 l
51 2015 191 2078 catenam
215 2013 412 2080 diminutius.
458 2019 573 2082 eatena
601 2018 708 2080 autem
734 2015 864 2098 proprie
888 2013 973 2078 dieta
996 2016 1054 2097 est,
1068 2029 1094 2069 2⁰

15 2105 17 2190 i
51 2103 124 2183 quod
144 2123 259 2166 canem
277 2107 411 2171 teneret.
463 2104 506 2170 56
525 2103 808 2188 periscelidem:
828 2105 1054 2168 ornamentum

15 2195 17 2238 l
49 2190 127 2271 pedis
162 2190 247 2256 oiroa
275 2209 376 2258 onina.
420 2194 559 2258 flentis
587 2193 667 2258 mire
698 2215 766 2258 non
798 2190 967 2276 ‘dicentis'‚
999 2191 1054 2256 sed

51 2277 184 2364 ‘flentis',
215 2284 253 2344 ut
284 2281 381 2346 fidam
410 2282 502 2347 falsis
534 2281 676 2347 lacrimis
712 2282 819 2347 faeiat
878 2281 935 2345 uti
971 2303 1053 2346 nrox

49 2369 148 2433 nulla
182 2368 292 2434 fides.
336 2370 385 2436 ita
411 2372 462 2456 fit,
494 2371 614 2458 inquit,
640 2374 681 2436 ut·
703 2373 818 2454 postea
850 2370 947 2435 etiarn
977 2391 1056 2434 uera

49 2455 159 2522 dicenti
182 2477 251 2524 non
272 2458 431 2524 habeatur
453 2458 543 2525 fides.
611 2458 654 2524 58
681 2475 750 2523 neo
773 2459 890 2523 semel
911 2457 1054 2523 inrisus
1068 2481 1095 2522 rs

48 2545 181 2611 triuiis.
226 2543 288 2612 hoc
311 2549 553 2631 [estlexern'plo
574 2547 737 2634 signifieat
749 2561 926 2631 numquam
939 2550 1055 2629 postea

49 2635 237 2700 crediturum
261 2657 356 2720 quern
378 2657 448 2703 esse
472 2637 571 2702 etiarn
593 2657 671 2700 uera
694 2635 813 2700 dicenti
831 2635 871 2719 ei,
889 2634 944 2719 qui
961 2633 1055 2699 falsis

49 2723 135 2788 rebus
159 2725 271 2789 omnia
292 2723 368 2790 fidei
382 2729 575 2811 argumento
589 2723 834 2809 eonsumpserit
865 2723 941 2788 hinc
955 2723 1054 2788 etiam

15 2879 16 2898 ἶ
48 2813 248 2892 prouerbium
261 2817 376 2878 natum
390 2817 441 2880 est
460 2813 531 2890 Qui
550 2815 669 2879 semel
688 2834 832 2897 scurra,
850 2833 1055 2896 numquam

112 3013 144 3061 17
165 3005 248 3062 Tmo.
269 3014 293 3076 1,
314 3015 338 3076 1,
358 3013 391 3061 32

111 3173 127 3220 3
145 3165 307 3236 displicebis
326 3182 390 3221 noe:
408 3166 522 3222 doocbrs
542 3165 580 3218 M
640 3172 659 3219 4
677 3171 728 3220 out
745 3164 829 3220 fuerit
847 3171 897 3219 out
916 3163 969 3219 soli
987 3165 1056 3220 dan-

49 3234 106 3289 dum
124 3238 297 3292 sorbendum
314 3239 427 3292 uidam
504 3235 660 3291 comicum
677 3251 744 3291 nor:
761 3252 829 3290 narn
847 3253 911 3290 curn
930 3236 969 3289 M
1039 3243 1055 3290 6

49 3305 133 3363 drmde
153 3309 192 3362 M
269 3315 302 3363 10
321 3308 458 3364 monera
478 3307 516 3362 M
592 3313 624 3361 13
642 3307 856 3376 plorabundag
937 3311 970 3360 1³4
989 3317 1055 3376 rege

50 3376 82 3430 Μ
163 3385 195 3434 15
215 3379 344 3434 ueloci:
363 3395 392 3434 se
412 3379 513 3446 M5et
529 3380 593 3446 fort.
613 3379 696 3433 sem&
715 3382 931 3450 coruptomeat
1021 3383 1055 3432 16

49 3447 135 3504 refer&
153 3494 159 3505 .
179 3493 186 3506 .
206 3465 353 3505 cacumina
372 3449 410 3504 M
474 3455 507 3505 18
525 3451 576 3504 aut
593 3449 668 3518 perit
682 3465 781 3506 aurum
796 3448 933 3504 conscisse
984 3446 1057 3502 llula

49 3521 86 3573 est
102 3522 176 3577 codd.
199 3521 362 3576 Procedenti
433 3526 468 3574 20
487 3518 661 3575 dimmndme
681 3521 719 3574 M
797 3528 953 3589 proprios·

50 3593 77 3642 23
93 3589 195 3648 latrant
213 3585 259 3658 M,
281 3591 415 3648 isanriae
436 3589 562 3648 faciant?
585 3591 638 3646 seb.
662 3590 705 3646 oti
727 3605 792 3644 mox
816 3590 855 3643 in
868 3589 907 3642 M
920 3592 983 3658 post
1001 3589 1057 3644 acb.

50 3667 126 3718 ab&
197 3668 336 3732 atquem
354 3661 549 3730 noequerr
600 3680 602 3684 ⁷
