2378 3934
112 149 190 228 ,118
488 203 491 214 ,
538 148 612 204 oux
630 148 677 216 m,
696 155 738 206 a.
814 127 819 132 ’

126 312 225 378 clius
262 311 538 396 contempleris
580 333 712 376 aruum
752 315 789 375 et
825 309 1011 397 Telegoni
1046 311 1127 396 iuga

125 400 355 486 parricidae.
399 399 516 464 turrim
538 399 709 466 Maecenas
742 398 863 464 dixitur
884 399 920 464 in
941 399 1043 466 hortis
1069 399 1127 464 suis

126 491 317 572 extruxisse,
353 489 438 554 unde
471 488 550 554 haec
582 489 692 554 omnia
723 488 960 573 prospectabat
1049 488 1130 554 8t
1098 492 1130 552 et

126 579 336 665 Telegoni
326 599 417 663 1uga
430 576 659 662 parricidae
682 576 859 643 Tusculum
873 577 1047 680 significat,
1054 576 1131 662 quod

99 667 243 732 adicitur
276 665 460 754 Telegonus
496 663 604 732 Circes
633 666 726 732 filius
763 665 958 745 condidisse,
994 665 1049 750 qni
1082 687 1132 750 per

126 757 347 842 ignorantiam
365 760 493 840 patrem
507 777 601 820 suum
614 754 733 821 Ulixen
748 755 873 820 occidit
943 715 985 820 1'0
1007 755 1133 820 molem

126 845 382 930 propinquam
413 843 581 910 nubibus
614 843 752 910 arduis.
797 843 916 910 turrim
937 843 1022 912 d'mit.
1098 843 1133 908 16

127 934 341 999 sollicitam
377 934 597 1018 explicuere
632 933 800 998 frontem
845 931 879 998 id
917 936 985 1000 est:
1016 933 1135 998 tristem

127 1021 356 1087 exhilarauere.
428 1023 467 1088 17
500 1023 577 1087 iam
608 1021 735 1087 clarus
768 1022 962 1088 occultum
993 1019 1136 1085 Andro-

87 1110 258 1176 10medae
281 1114 401 1196 pater.
447 1108 595 1214 Cepheus
619 1109 754 1196 scilicet,
783 1110 840 1196 qui
861 1111 947 1174 inter
969 1109 1076 1174 sidera
1095 1129 1137 1171 re·

127 1204 200 1286 oep
201 1221 238 1264 us
273 1203 332 1265 est
415 1199 502 1266 18
492 1223 566 1266 ram
601 1198 777 1286 Procyon
812 1198 918 1264 furit
964 1198 1060 1263 stella
1086 1199 1138 1298 est,

128 1311 209 1373 quae
233 1291 309 1355 anta
276 1285 522 1356 taOanieulam
545 1289 656 1356 oritur.
726 1289 767 1354 19
805 1291 905 1354 etst
890 1286 1140 1354 tellauesani

127 1377 277 1446 Leonis
323 1380 452 1446 stellam
474 1399 534 1463 pro
557 1379 628 1442 toto
653 1377 747 1463 signo
772 1375 867 1463 dixit,
898 1377 935 1442 in
955 1397 1021 1462 quo
1046 1376 1140 1442 solem

127 1489 259 1534 necesse
283 1472 333 1532 est
356 1489 425 1534 asse
449 1487 559 1533 mense
582 1465 743 1552 Augusto,
766 1465 853 1552 quod
875 1469 926 1532 est
911 1462 1141 1532 tferuentissi-

91 1572 117 1612 1⁵
131 1579 221 1621 mum
244 1557 322 1621 anni
344 1561 480 1640 tempus.
548 1555 592 1622 25
615 1558 656 1620 tu
679 1555 881 1621 ciuitatem
905 1554 989 1640 quis
1013 1553 1142 1618 deceat

131 1647 262 1710 status
285 1665 405 1709 curas.
450 1647 585 1730 apparet
597 1644 655 1710 illo
672 1647 818 1728 tempore
836 1642 935 1709 Urbis
949 1641 1143 1728 praefectum
1170 1661 1171 1684 ι

129 1732 230 1800 fuisse
253 1733 483 1798 Maecenatem.
560 1734 603 1799 28
634 1731 855 1818 Tanaisque
878 1733 1042 1798 discors.
1088 1730 1143 1796 Ta-

130 1823 202 1890 nais
226 1821 347 1888 flumen
370 1843 404 1886 es
406 1822 573 1888 tinfluens
587 1821 739 1887 Maeotiis
758 1821 939 1907 paludibus,
962 1823 996 1887 et
1017 1819 1144 1886 indein

130 1911 218 1978 Pont
203 1915 283 1979 t.um
328 1911 451 1978 discors
475 1915 583 1978 autem
606 1911 727 1995 dictus,
750 1909 837 1996 quod
860 1911 1023 1976 discernat
1046 1908 1145 1976 Euro·

91 2017 117 2056 ιο
130 2004 264 2085 pamet
285 1999 414 2087 Asiam,
451 2001 515 2066 nisi
546 2000 630 2066 forte
663 1999 704 2066 ad
732 2000 856 2067 incolas
884 1999 953 2064 eius
970 1998 1145 2066 referamus

130 2090 192 2155 hoc
216 2090 399 2174 epitheton,
424 2090 479 2175 qui
501 2090 587 2155 inter
610 2111 698 2155 se-
712 2110 853 2173 namque
868 2085 1146 2154 suntferocissimi

130 2177 331 2242 barbari—
356 2177 551 2244 discordant.
619 2179 660 2244 31
694 2178 873 2263 ridetque
906 2177 940 2242 si
969 2176 1170 2244 mortalis

79 2335 83 2342 ,
128 2267 241 2330 ultra
271 2265 331 2330 fas
363 2265 547 2349 trepidet:
584 2267 738 2351 quoniam
765 2267 888 2334 scilicet
873 2257 1170 2334 tneiasestin

129 2355 260 2440 quirere
290 2353 414 2440 futura,
452 2376 533 2440 quae
563 2354 630 2420 diui
658 2357 783 2424 nescire
812 2377 873 2420 nos
901 2353 1085 2420 uoluerunt

90 2445 174 2515 2532
213 2441 315 2530 quod
351 2443 462 2509 adest
447 2447 688 2510 tmemento
733 2465 966 2529 componere
1010 2463 1148 2528 aequos

131 2531 165 2596 id
187 2536 255 2598 est:
287 2533 514 2616 praesentibus
544 2531 650 2598 fruere
678 2536 711 2597 et
738 2555 777 2598 ea
804 2554 886 2619 quae
909 2532 1027 2597 adsunt
1050 2549 1149 2616 aequa

130 2625 238 2688 mente
258 2643 427 2707 compone.
485 2621 529 2688 34
547 2643 647 2688 nunc
669 2622 792 2687 medio
818 2623 928 2687 alueo
952 2642 1035 2686 cum
1053 2641 1149 2705 pace

130 2711 356 2777 delabentis
393 2711 600 2777 Etruscum
640 2712 680 2776 in
721 2732 822 2776 mare
863 2731 965 2774 nunc
1001 2709 1169 2794 lapides¹

131 2800 280 2867 adesos.
329 2802 523 2868 uarietatem
555 2806 590 2865 et
620 2801 708 2865 uices
739 2801 828 2864 uitae
850 2798 1028 2883 humanae,
1059 2819 1169 2882 quemi

88 2911 118 2954 eo
133 2888 174 2952 ad
197 2888 329 2954 modum
355 2891 465 2975 quieta
488 2911 525 2954 ac
548 2890 636 2954 laeta
658 2892 721 2973 est,
743 2888 840 2954 modo
865 2887 1010 2953 aduersis
1024 2887 1151 2953 casibus

133 2977 280 3061 inquieta
311 2999 351 3042 ac
381 2979 582 3062 turbulenta,
618 2999 677 3061 per
706 2977 897 3064 allegoriam
925 2975 1089 3042 describit.

132 3065 175 3130 42
212 3066 273 3131 cui
309 3065 407 3130 licet
443 3067 482 3130 in
514 3066 615 3131 diem
647 3065 795 3132 dixisse
822 3067 913 3132 uixi.
968 3067 1152 3152 perseuerat

132 3154 327 3237 persuadere
352 3155 539 3238 praesentia
571 3155 740 3220 commoda
771 3159 902 3220 tantrm
925 3152 1154 3239 amplectenda,

133 3243 172 3308 de
204 3243 321 3308 futuris
352 3264 419 3308 non
452 3265 522 3308 esse
546 3243 766 3330 cogitandum
833 3243 877 3309 45
913 3265 992 3309 non
1027 3247 1154 3308 tamen

91 3332 230 3396 ssinrit
233 3355 293 3396 um
326 3330 589 3417 quodcumque
618 3336 678 3398 ret
683 3356 727 3399 ro
764 3331 1013 3398 estefficiet:
1037 3331 1072 3397 id
1096 3333 1154 3396 est:

201 3523 335 3577 larbum
354 3523 392 3576 M
462 3526 605 3592 iturrym
624 3524 663 3578 M
733 3526 939 3594 ‘Ipnoprnquat
957 3523 996 3579 M
1075 3530 1155 3577 9an-

129 3590 277 3646 dromaede
297 3594 334 3646 M
397 3598 430 3646 10
450 3592 542 3648 cefeus
560 3593 611 3656 M
692 3601 725 3650 12
753 3593 848 3650 uotam
867 3595 905 3649 M
978 3600 1012 3650 27
1031 3609 1126 3664 paee.
1147 3631 1154 3645 .

128 3662 286 3717 aetruscum
304 3663 343 3717 M
412 3668 446 3716 29
465 3665 643 3722 manassem
662 3667 701 3721 M
770 3671 804 3720 30
824 3667 866 3720 est
853 3665 966 3721 tmodo
984 3665 1106 3732 modae
