2378 3934
200 124 264 188 110
549 123 621 213 oua
639 122 691 190 111,
711 127 745 177 aa
765 123 795 176 et
812 127 855 176 24.

198 288 282 353 dior
303 287 442 352 hostia
487 307 555 350 non
567 283 762 350 nominatiui
776 305 870 349 casus
885 286 963 350 suut
985 285 1177 366 ‘sumptuosa

126 401 131 408 ’
198 381 231 442 ct
253 377 401 460 ‘hostia'‚
425 375 501 462 quia
523 393 636 440 sensus
653 376 715 438 cst:
738 395 807 439 non
828 372 978 439 blandior
1001 371 1062 436 diis
1086 380 1181 458 sumpt

197 487 276 531 uosa
296 465 407 531 hostia
437 461 724 548 perscrutatum,
765 484 864 548 quam
886 483 1017 546 manus,
1057 464 1182 545 quaein

196 576 317 619 nocens
352 554 437 619 farre
473 556 506 618 et
542 553 676 617 saliente
707 551 792 616 mica
819 550 988 616 sacrificat,
1039 550 1163 616 saliente
1172 582 1186 608 ιι

170 647 307 708 sautem
328 644 446 708 micam
469 642 546 706 salis
569 661 707 726 granum
720 639 887 725 intellege,
909 638 996 724 quod
1011 638 1112 723 saliat
1133 661 1186 703 cun

197 732 363 817 inignem
386 731 520 795 missum
543 730 594 794 sit.

614 884 686 940 Onu
707 892 732 954 a,
751 893 793 942 24.

285 995 451 1062 Intactis
479 995 700 1080 opulentior
727 994 931 1059 thesauris.
975 993 1039 1058 hac
1062 985 1131 1082 ᾠδῇ
1152 1015 1185 1079 gc

197 1085 348 1149 neraliter
375 1084 541 1152 inuehitur
570 1085 605 1148 in
630 1083 790 1148 luxuriam
815 1085 972 1166 [omnem]
1006 1083 1116 1147 omnia
1136 1105 1185 1166 prc

158 1199 184 1238 ro
197 1173 363 1238 sanantem
386 1177 420 1238 et
442 1173 594 1238 aediliciis
616 1173 712 1237 nouis
725 1193 793 1237 non
805 1175 925 1237 terram
939 1175 1077 1254 tantum,
1098 1193 1185 1235 uerun

198 1263 297 1326 etiam
319 1262 421 1327 maria
439 1266 659 1346 occupantem.
727 1259 748 1325 5
771 1261 803 1325 si
826 1261 918 1346 figit
939 1259 1180 1325 adamantino

199 1351 352 1416 summis
375 1351 587 1416 uerticibus
616 1349 699 1414 dira
721 1350 947 1414 necessitas,
983 1349 1184 1412 necessitates

197 1440 250 1505 hic
272 1463 331 1524 pro
354 1443 459 1506 morte
481 1440 598 1525 posuit.
645 1459 758 1503 sensus
782 1441 903 1503 autem:
936 1437 1085 1523 quamuis
1108 1438 1184 1502 mult

198 1530 306 1613 ampla
336 1529 516 1613 possideam
552 1551 620 1594 non
650 1531 760 1591 tamen
798 1527 923 1592 sincera
958 1528 1128 1610 uoluptate
1156 1527 1183 1590 hi

158 1640 183 1680 rs
197 1616 262 1680 frui
283 1621 384 1702 potes,
407 1619 529 1702 quippe
547 1639 621 1682 cum
637 1615 829 1680 necessitate
844 1616 958 1680 mortis
972 1619 1005 1679 te
1020 1615 1183 1680 obstrictu

127 1787 129 1792 ι
198 1726 268 1769 esse
292 1705 387 1788 scias,
419 1727 479 1770 nee
511 1705 616 1789 possis
638 1704 713 1769 inde
735 1707 768 1770 te
791 1705 858 1770 ullo
881 1703 1023 1770 remedio
1046 1707 1104 1767 aut
1123 1725 1183 1787 pras

197 1793 263 1859 mio
285 1793 449 1859 redimere.
495 1793 767 1860 adamantinos
791 1795 899 1858 autem
923 1793 1055 1857 clauos
1079 1814 1138 1878 pro
1155 1811 1183 1856 ru

198 1883 346 1948 cessitate
378 1883 506 1968 mortis,
539 1905 619 1968 quae
652 1882 732 1958 (lura
764 1886 814 1947 cst
845 1886 878 1946 et
899 1879 1115 1964 inmutabilia
1145 1903 1181 1944 no

197 1973 284 2036 mala
307 1973 513 2056 conceptione
536 1971 657 2037 dictum
680 1974 737 2036 est.
828 1971 848 2036 9
877 1972 1115 2055 campestres
1137 1991 1185 2034 me

158 2060 271 2125 solius
309 2058 482 2146 Scythae.
527 2064 722 2145 campestres
746 2058 896 2144 Scythae,
919 2057 1004 2144 quod
1026 2057 1064 2122 in
1089 2059 1184 2142 campi

199 2148 267 2212 sine
288 2151 382 2214 tectis
405 2150 528 2234 uiuant,
551 2149 628 2214 dicti
651 2153 739 2230 sunt3
764 2148 932 2232 dequibus
946 2151 980 2212 et
994 2145 1181 2212 Sallustio

198 2236 243 2300 sic
267 2238 313 2302 ait
349 2235 513 2321 Scythae
540 2237 721 2304 nomades
753 2239 900 2320 tenent,
933 2236 1077 2321 quibus
1101 2237 1185 2320 plau

196 2327 280 2389 stra
316 2325 426 2391 sedes
463 2331 561 2393 sunt.
635 2328 673 2391 11
712 2329 749 2391 ct
779 2325 899 2411 rigidi
936 2324 1065 2390 Getae.
1114 2324 1185 2389 Geta

198 2411 339 2479 Thraces
371 2419 460 2501 sunt3
496 2439 577 2502 quos
608 2414 730 2500 rigidos
758 2415 839 2480 dixit
860 2417 992 2499 propter
1013 2413 1143 2498 frigora
1164 2437 1187 2476 n

159 2501 331 2588 sagionum
354 2526 472 2569 earum.
542 2506 583 2570 12
614 2504 801 2568 inmetata
832 2503 971 2588 quibus
1002 2503 1146 2588 iugera
1166 2503 1187 2565 li

198 2592 310 2658 beras
346 2593 478 2678 fruges
515 2597 552 2657 et
588 2589 763 2658 Cererem
807 2591 946 2657 ferunt.
1017 2592 1185 2656 inmetat

197 2680 231 2744 id
258 2687 320 2747 est:
352 2683 569 2747 interminata.
615 2692 783 2747 commune
815 2684 923 2745 autem
953 2681 1039 2746 inter
1073 2703 1110 2746 se
1142 2681 1181 2744 ba

197 2770 285 2834 baris
308 2772 412 2837 solum
435 2793 546 2835 eorum
569 2791 638 2834 esse
657 2771 806 2836 omnibus
820 2773 934 2835 notum
949 2773 1007 2834 est.
1079 2771 1124 2835 14
1146 2789 1186 2833 ne

198 2859 348 2923 cultura
383 2861 511 2943 placet
550 2859 708 2945 longior
744 2881 905 2924 annua·
940 2858 1003 2923 hcc
1027 2862 1106 2930 est:
1152 2879 1187 2920 nv

158 2978 185 3018 ω
197 2947 270 3029 plus
303 2949 426 3033 colunt,
459 2969 555 3033 quam
586 2947 671 3013 unde
699 2947 794 3012 unius
827 2946 905 3013 anni
936 2946 1080 3012 fructum
1113 2967 1183 3030 perc

198 3035 299 3118 piant.
391 3036 432 3102 15
477 3037 774 3121 defunctumque
815 3036 1013 3102 laboribus
1056 3056 1178 3118 aequa

198 3130 348 3190 recreat
384 3129 488 3190 sorte
524 3126 705 3191 uicarius.
750 3125 853 3190 uicem
876 3125 960 3189 inter
983 3145 1017 3188 se
1040 3123 1177 3189 laboran

198 3251 412 3262 -u———-.

271 3301 303 3353 m
322 3300 392 3370 frog.
412 3306 437 3369 e,
456 3306 490 3354 u
510 3300 606 3370 (ursa)

272 3497 285 3545 l
305 3509 361 3547 non
379 3508 428 3548 om.
449 3511 467 3560 ς
538 3500 554 3548 8
573 3494 720 3563 opulenter
738 3495 776 3548 M
848 3499 881 3548 14
899 3493 1046 3548 uoluntate
1065 3493 1106 3548 M
1123 3511 1142 3561 ς

200 3567 233 3615 21
252 3563 321 3616 tacti
340 3563 378 3615 M
463 3569 496 3616 22
516 3565 599 3636 scyde
619 3566 653 3618 M
744 3570 777 3618 23
806 3567 887 3634 gaete
916 3565 954 3618 M
1042 3569 1076 3620 26
1096 3565 1183 3618 cluere

198 3631 290 3688 ferant
309 3633 347 3686 M
417 3637 450 3686 32
469 3635 587 3688 rec1toat
606 3635 643 3688 M

1018 3785 1024 3840 i

1016 3845 1023 3900 l
