2416 3934
133 155 178 220 42
503 152 576 209 ODE
594 154 615 222 L
635 159 669 208 35
688 154 717 208 et
736 159 778 210 36.

131 321 228 387 huius
252 319 373 387 seilicet
396 317 534 403 sceleris,
556 317 642 403 quod
665 317 752 382 ballo
775 315 864 381 ciuili
886 316 923 381 in
940 337 1002 384 nos
1021 317 1148 384 admisi·
1190 319 1191 330 ’

132 431 214 476 mus.
282 410 327 474 34
350 407 440 492 quid
463 429 532 473 nos
555 407 651 472 dura
673 405 891 492 refugimus
915 409 1032 473 aetas.
1079 430 1148 472 sua·

132 500 217 564 uiter
247 497 403 584 figurauit
435 495 510 562 ‘nos
543 494 675 563 aetas'.
758 495 801 561 35
836 494 928 581 quid
959 495 1148 562 intactum

132 587 280 653 nefasti
306 586 501 671 liquimus,
546 586 693 653 nefastos
721 609 781 672 pro
804 584 941 650 nefariis
963 587 1084 671 posuit.

106 678 176 744 ⁵38
206 699 224 742 ο
255 676 403 741 utinam
426 727 433 739 .
458 726 465 740 .
487 675 625 741 incude
656 674 848 762 diffingas
878 678 1082 742 retunsum
1111 677 1149 740 in
1191 683 1192 750 ξ

133 765 375 851 Massagetas
398 764 625 850 Arabasque
648 763 803 830 ferrum.
848 758 1049 849 ἀμφίβολον.
1083 788 1148 831 non

134 859 184 921 est
206 855 294 920 enim
317 852 502 919 ‘retunsum
524 853 560 917 in
582 852 802 940 Massagetas'
831 853 1069 941 accipiendum,
1098 856 1150 919 sed

135 943 187 1008 ‘in
208 942 412 1029 Massagetas
442 941 621 1028 diffingas'.
668 965 782 1009 sensus
812 945 863 1008 est
892 944 993 1008 enim:
1026 944 1150 1009 utinam

133 1034 273 1116 ferrum,
309 1031 395 1117 quod
426 1031 629 1098 retundimus
664 1033 701 1097 in
737 1031 927 1118 corporibus
963 1036 1150 1099 nostrorum
1192 1027 1193 1044 ¹

94 1139 120 1180 10
133 1121 218 1187 bello
247 1121 348 1205 ciuili,
377 1119 529 1207 diffingas
552 1121 585 1186 id
609 1126 659 1188 est
681 1121 856 1187 refahriees
881 1122 1054 1188 aduersum
1079 1123 1149 1186 bar-

132 1212 238 1278 baros,
282 1208 486 1296 Massagetae
509 1214 619 1276 aut-em
642 1231 723 1297 gens
746 1210 913 1277 Thraciae.

546 1366 619 1423 ODE
640 1375 663 1437 1,
683 1373 727 1424 36.
1193 1371 1194 1422 Τ

209 1461 410 1527 'Custodes
442 1458 628 1525 Numidae
661 1459 762 1525 daos.
806 1459 893 1525 hane
922 1460 1009 1526 oden
1038 1459 1152 1524 scribit

132 1553 168 1617 in
188 1550 347 1617 honorem
369 1548 530 1633 Pomponi
552 1549 684 1614 nomine
707 1546 879 1633 Numidae,
901 1571 960 1634 pro
986 1548 1079 1614 cuius
1105 1571 1149 1614 sa·
1194 1617 1195 1632 χ

93 1659 119 1700 rs
133 1642 200 1706 lute
231 1638 354 1704 reuersi
386 1659 425 1702 ex
450 1635 657 1704 Mauretania
685 1641 764 1705 uota
796 1639 881 1704 solui
912 1659 1051 1723 aequum
1083 1659 1150 1703 esse

133 1727 219 1794 diuit.
289 1729 368 1792 let
390 1730 476 1792 ture
499 1731 537 1792 et
558 1726 707 1795 fidibus
730 1728 841 1793 iuuat
869 1728 1036 1814 placare.
1083 1727 1151 1792 fidi·
1194 1773 1195 1776 ,

133 1818 220 1900 aines
255 1816 415 1902 hodieque
452 1815 575 1883 Romae
614 1817 655 1882 ad
691 1817 848 1883 sacrificia
884 1815 1032 1882 adhiberi
1069 1817 1152 1881 siout

132 1907 282 1972 tibicines
304 1927 400 1972 nemo
424 1909 474 1971 est
497 1906 553 1991 qui
575 1906 708 1972 neseiat.
778 1907 795 1970 1
820 1905 933 1972 iuuat
953 1907 1113 1990 placare
1129 1957 1151 1970 ..

131 1993 317 2062 Numidae
345 1995 445 2061 deos.
489 1997 619 2080 placare
646 2016 705 2082 pro
728 2017 766 2060 eo
799 1994 888 2080 quod
915 1998 965 2060 est
995 1993 1152 2080 ‘gratiam
1195 2043 1196 2050 κ

92 2103 119 2144 ao
132 2083 268 2150 referra'
296 2084 564 2169 intellegendum,
593 2105 662 2150 non
684 2087 722 2148 ut
743 2083 867 2168 placari
888 2081 965 2148 irati
992 2083 1152 2148 dicuntur.

133 2195 205 2238 oum
233 2173 320 2238 enim
347 2170 524 2237 Numidam
552 2172 639 2237 dieat
668 2173 823 2256 sospitem
849 2171 986 2256 redisse,
1015 2177 1152 2257 apparet

133 2283 206 2328 eum
243 2260 320 2325 deos
357 2260 516 2346 propitios
554 2260 653 2324 etiam
690 2263 765 2325 ante
798 2260 956 2327 sacrificia
987 2260 1151 2328 habuisse.

133 2349 313 2415 custodes
336 2351 446 2413 autem
468 2370 528 2432 pro
552 2349 835 2415 conseruatoribus
855 2350 1061 2434 accipiamus.
1129 2352 1151 2414 4

132 2439 197 2524 qui
225 2459 325 2502 nuno
355 2435 546 2521 Hesperia
576 2459 710 2522 sospes
740 2439 785 2502 ab
814 2439 962 2504 ultima
1006 2436 1151 2504 Numida

94 2546 121 2587 a
134 2527 187 2592 hie
219 2549 258 2592 ax
288 2525 487 2592 Mauritania
517 2527 554 2591 in
585 2549 649 2612 qua
681 2527 879 2593 militauerat
907 2549 1058 2594 reuersus
1089 2533 1150 2610 est3

132 2614 426 2772 iiffhieipifaf
442 2615 1152 2790 tt}ittdtttrttttdffltssttt

131 2818 209 2861 non
232 2729 309 2860 alio
332 2815 421 2880 rege
443 2794 630 2879 puertiae.
665 2793 828 2879 puertiam
846 2816 906 2879 pro
929 2795 1071 2880 pueritia
1092 2817 1150 2880 per

93 2991 120 3032 ³0
133 2904 310 3038 siuas
336 2881 1049 3038 iffiiefiiniiiiawi‘siniiifims
1063 2881 1150 3038 tt

132 3064 313 3145 tataeque
350 2993 464 3124 siiirul
499 3064 624 3146 togae.
678 2994 865 3145 liraetextae
901 3062 1014 3146 utique
1052 3065 1150 3148 togae

131 3153 285 3234 mutatae,
309 3151 372 3233 qua
396 3147 542 3235 deposita
564 3149 679 3215 uirilis·
692 3149 857 3234 aooipitur.
892 3172 951 3235 per
968 3151 1031 3216 hoo
1051 3151 1150 3237 signi-

205 3315 219 3361 1
240 3307 368 3362 scaelera
388 3306 427 3360 M
502 3305 679 3362 admrssrmus
699 3307 738 3361 M
817 3315 833 3362 3
851 3307 999 3362 mtaotarm
1020 3307 1059 3363 M
1136 3314 1151 3361 4

132 3378 264 3433 naefams
284 3377 323 3431 M
402 3382 418 3432 7
436 3376 589 3446 masagfras
608 3377 647 3431 M
717 3384 778 3433 Set
797 3385 831 3434 10
849 3377 994 3450 diffingas,
1013 3397 1034 3434 n
1051 3395 1115 3448 sap.
1135 3395 1151 3432 a

132 3466 167 3503 m.
186 3454 215 3504 2.
233 3449 345 3518 empsit
362 3449 395 3502 iu
413 3449 452 3501 M
508 3453 524 3502 9
543 3447 698 3504 retudimus
717 3467 735 3517 ς
753 3449 818 3518 fort.
832 3455 902 3506 recte
957 3457 990 3504 15
1004 3450 1079 3506 solui
1091 3451 1150 3506 eod.

135 3519 217 3575 Pau:
236 3519 323 3586 solua,
341 3535 360 3574 a
377 3535 413 3574 m.
431 3523 451 3574 2
469 3535 531 3587 sup.
549 3533 585 3572 aa.
604 3518 686 3574 uend.
702 3521 741 3573 M
793 3525 827 3574 21
842 3537 919 3574 cumr
943 3521 1058 3576 Draturn
1077 3522 1118 3576 M

133 3591 279 3659 sosp1toem
298 3589 336 3643 M
412 3595 447 3644 24
465 3588 501 3644 ad
520 3588 559 3642 M
628 3590 755 3646 num1d1a
775 3591 813 3645 M
882 3597 917 3646 26
936 3608 1095 3662 exspenam
1115 3591 1153 3646 M

204 3665 238 3715 28
257 3661 396 3729 puentrae
413 3663 527 3730 puertia
545 3674 596 3728 pro
618 3660 655 3713 M
