2378 3934
162 132 226 196 208
496 130 618 186 stunc
636 132 657 200 1,
676 139 700 202 4,
722 136 835 186 13—28.

163 297 289 383 goricos
314 318 333 360 a
355 294 499 378 flumine,
519 316 582 379 quo
607 293 768 380 significat
791 296 893 359 multa
917 317 990 360 eum
1013 295 1069 360 sed
1086 297 1160 360 inor-

164 387 272 451 dinate
300 385 431 467 dixisse,
459 405 497 448 ex
527 384 642 467 quibus
669 387 781 448 tamen
808 384 874 448 sint
896 386 1068 468 nonnulla,
1091 407 1159 468 quae

163 476 264 540 uelles
286 475 361 539 inde
384 493 553 558 excerpere
576 475 609 536 et
631 494 690 556 pro
713 473 779 537 tuis
802 471 930 538 habere.
1013 475 1055 538 13
1080 477 1161 537 scri-

164 565 279 630 bendi
302 567 419 628 recte:
442 584 529 628 nam
551 565 593 626 ut
615 562 776 626 multum
798 562 899 626 nihil
918 584 1053 628 moror.
1097 585 1160 644 nou,

137 654 283 738 sinquit,
311 652 481 718 laborabat
507 654 544 716 ut
570 653 656 714 recte
689 650 843 714 scriberet
875 650 930 715 sed
958 655 995 716 ut
1023 653 1163 734 multum

164 744 220 808 sed
248 763 309 827 ego
335 741 398 806 hoe
425 742 511 805 nolo.
603 740 643 803 13
672 760 757 804 ecce
785 737 989 824 Crispinus
1021 741 1164 804 minimo

164 855 219 897 me
251 834 447 916 prouocat.
507 851 619 894 sensus
651 851 690 892 ex
716 829 914 913 prouerbiali
944 830 1164 895 consuetudine

165 922 288 985 ductus.
344 919 484 984 solemus
506 939 645 1002 namque
670 917 774 982 dicere
800 917 945 983 ‘minimo
971 920 1051 1000 [me]
1075 919 1165 1002 digito

164 1007 343 1094 prouocat',
366 1029 439 1072 eum
462 1009 611 1072 uolumus
635 1028 730 1091 quem
752 1007 900 1092 intellegi
922 1011 1053 1072 tantum
1071 1008 1165 1071 ualere

126 1125 152 1164 ιο
165 1098 299 1163 minimo
323 1097 425 1183 digito
450 1099 607 1182 quantum
631 1097 729 1160 alium
752 1096 830 1161 totis
844 1095 977 1161 uiribus.
1011 1094 1166 1180 Crispinus

166 1191 274 1253 autem
301 1208 370 1251 non
397 1189 465 1250 tam
492 1186 595 1250 bonos
624 1207 722 1270 quam
744 1186 865 1250 multos
888 1207 1001 1250 uersus
1024 1187 1165 1266 faciebat

166 1278 256 1343 cuius
293 1279 326 1340 et
363 1297 461 1360 supra
497 1275 643 1339 meminit
679 1274 789 1338 dicens
826 1273 882 1340 Ne
918 1297 974 1340 me
1007 1273 1166 1358 Crispini

167 1367 312 1431 scrinia
334 1365 432 1450 lippi
455 1365 674 1447 conpilasse
705 1366 825 1447 putes.
918 1365 959 1428 14
987 1365 1117 1449 accipe
1142 1365 1164 1427 si

166 1457 226 1521 uis
258 1456 460 1538 accipiam:
494 1452 626 1518 ‘tubulos
658 1451 865 1536 accipiamus’
902 1454 957 1518 ait.
1018 1455 1176 1519 mimeticol

127 1569 154 1610 15
168 1549 276 1609 autem
309 1545 492 1610 charactere
524 1545 756 1626 prouocantem
784 1541 825 1606 ad
857 1543 1065 1608 scribendum
1097 1541 1166 1607 Cris·

166 1635 280 1717 pinum
295 1632 444 1697 ostendit.
503 1633 542 1695 19
567 1635 605 1694 at
627 1634 667 1695 tu
691 1631 894 1696 conclusas
916 1632 1083 1697 hircinis
1104 1632 1166 1695 fol-

168 1721 269 1785 libus
293 1743 407 1785 auras
431 1724 464 1785 et
483 1720 616 1805 reliqua.
652 1741 710 1804 per
722 1719 803 1784 haec
818 1721 980 1805 significat
994 1719 1167 1806 Crispinum

167 1810 281 1875 inflata
303 1814 336 1875 et
357 1810 488 1896 turgida
511 1809 657 1874 scribere.
693 1809 771 1874 hinc
790 1814 899 1873 autem
921 1809 1080 1875 Persius
1100 1809 1165 1872 illud

166 1900 336 1965 transtulit
376 1899 427 1964 Tu
468 1920 591 1982 neque
632 1898 836 1963 anhelanti
874 1900 1058 1984 coquitur
1097 1899 1164 1962 duur

129 2012 291 2058 aomassa
314 1988 462 2054 camino
485 1987 581 2053 folle
608 1988 750 2072 premis
777 1991 924 2054 uentos.
982 1989 1027 2054 21
1046 1990 1164 2054 beatus

168 2079 340 2143 Fannius
363 2078 466 2143 ultro
491 2077 632 2142 delatis
656 2077 783 2161 capsis
807 2081 844 2142 et
866 2077 1048 2163 imagine.
1088 2078 1166 2142 urhe·

169 2168 303 2232 nissima
335 2166 549 2232 amaritudine
583 2166 645 2231 hoc
677 2165 802 2231 dicitur.
861 2189 974 2232 sensus
1008 2170 1125 2232 autem:
1152 2188 1166 2229 o

169 2256 300 2320 beatum
327 2255 501 2338 Fannium,
529 2255 619 2320 cuius
650 2255 759 2340 imago
787 2257 820 2320 et
847 2277 962 2339 capsae
990 2277 1065 2320 cum
1092 2255 1168 2320 libris

60 2421 63 2428 Ι
170 2345 206 2409 in
232 2343 444 2410 bibliothecas
471 2346 557 2409 ultro
584 2347 731 2428 receptae
760 2345 840 2428 sint,
867 2367 942 2409 cum
971 2366 1046 2408 mea
1068 2367 1085 2410 e
1107 2365 1175 2416 con-1

131 2459 157 2501 25
170 2434 270 2499 trario
303 2433 423 2517 scripta
454 2455 550 2498 nemo
581 2434 670 2498 norit
701 2455 760 2499 nec
793 2433 872 2498 uelit
901 2455 1012 2518 nosse,
1045 2435 1168 2519 primun

171 2524 256 2608 quod
279 2545 346 2589 non
372 2523 500 2607 publice
527 2523 717 2607 recitentur,
743 2523 851 2589 deiude
878 2524 961 2606 quod
985 2524 1099 2590 conscii
1122 2521 1170 2586 nti

163 2619 359 2697 pecectmum
381 2633 444 2678 non
473 2613 654 2677 delectentur
680 2612 743 2677 hoe
770 2612 929 2696 poematis
958 2634 1091 2698 genere,
1116 2631 1167 2694 quo

169 2703 251 2768 uitia
274 2725 386 2768 eorum
415 2704 599 2786 carpuntur.
680 2702 723 2767 28
757 2705 887 2784 stupet
918 2699 1058 2766 Albius
1089 2720 1168 2765 aere.

170 2791 316 2876 Albium,
347 2813 442 2876 quern
468 2789 552 2855 infra
580 2811 707 2875 qnoque
730 2791 813 2854 male
841 2791 1009 2855 uiuentem
1032 2788 1168 2856 ostendit.

130 2905 157 2946 eo
171 2881 345 2965 cupiditate
373 2901 525 2946 uasorum
553 2883 585 2944 et
613 2880 780 2965 signorum
808 2877 1051 2946 Corinthiorum
1079 2876 1167 2944 teneri

244 3098 276 3147 12
295 3107 384 3147 sermo
405 3099 429 3161 1,
450 3098 473 3160 1,
495 3096 546 3145 120
620 3097 652 3146 18
672 3090 724 3144 set.
744 3095 769 3159 5,
791 3095 823 3144 10

244 3289 393 3342 lflumma
412 3287 451 3341 M
520 3293 600 3341 8me
618 3287 707 3341 deieci
778 3285 902 3340 tualen
921 3328 928 3342 .
948 3329 954 3340 .
974 3289 1079 3356 quanto
1097 3284 1131 3339 M
1173 3311 1174 3326 π

174 3362 208 3410 14
225 3357 363 3426 accipiam
380 3357 492 3412 tabulas
511 3358 611 3412 addicti
693 3364 725 3411 16
744 3357 867 3426 hyrcrnrs
886 3399 893 3411 .
913 3396 920 3410 .
940 3374 1015 3412 anns
1035 3358 1072 3412 M
1141 3359 1174 3405 lt*

172 3425 280 3480 torrida
299 3428 336 3479 M
403 3433 435 3482 19
454 3443 517 3498 neq3
540 3428 665 3482 neelantr
684 3428 722 3481 M
783 3433 816 3482 23
834 3445 950 3499 inmago
970 3429 1009 3482 M
1068 3434 1100 3482 24
1117 3439 1166 3479 mee

174 3512 202 3548 a:
220 3511 265 3547 me
285 3496 327 3562 (ia
344 3513 405 3568 mee
424 3513 493 3552 corr.
512 3516 547 3552 m.
571 3503 604 3567 2)
623 3499 664 3552 M.
727 3503 761 3553 25
781 3500 885 3568 scripto
900 3529 906 3540 ·
921 3502 1096 3556 nsmouonnt
1108 3525 1113 3537 ·
1127 3510 1166 3549 nee

171 3564 263 3626 'uehat
282 3565 320 3616 M
411 3573 445 3621 26
464 3568 528 3622 haee
546 3584 596 3622 om.
617 3569 656 3623 M
717 3575 751 3624 28
771 3569 881 3624 albinus
900 3585 996 3624 accere
1016 3570 1054 3623 M
1141 3569 1167 3617 29

174 3634 320 3688 inuentum
340 3634 378 3687 M
447 3641 481 3690 30
501 3639 722 3694 ehonnthrorum
743 3641 781 3694 M
