2416 3934
408 155 480 212 ODE
500 157 521 224 1,
541 163 557 212 ὁ
576 158 605 211 et
624 165 648 212 6.

450 369 523 424 ons
544 376 568 438 1,
588 376 611 424 c.

115 477 205 554 Quis
238 481 365 544 multa
397 479 558 566 gracilis
590 483 627 544 te
654 501 748 563 puer
774 480 813 544 in
841 501 928 545 rosc
950 502 1035 564 per·

44 568 131 632 fusus
161 568 327 653 liquidis
359 572 470 655 urget
501 568 695 633 odoribus.
744 568 902 652 Pyrrham
934 590 1035 634 mere·

43 657 134 720 tricem
161 657 363 742 adloquium,
394 659 484 722 ouius
511 657 721 722 calliditatem
748 657 903 741 ignorans
932 658 978 721 ait
1001 680 1035 722 se

43 767 148 830 qnoque
169 746 206 810 in
228 767 374 810 amorem
397 747 465 811 eius
484 747 665 830 inplicitum
684 746 841 830 susceptis
861 746 945 810 uotis
963 749 1062 810 ten-⁶

42 834 98 897 dem
118 835 270 899 euasisse.
323 837 339 898 1
365 836 552 920 gracilem
573 857 632 919 pro
655 839 768 899 tenero
790 835 909 918 posuit.
932 835 1036 900 teneri

42 923 110 986 enim
135 923 240 988 adhuc
270 924 406 1008 graciles
430 925 536 989 solent
559 945 628 988 esre
656 927 689 988 et
715 925 841 1008 puellae
868 926 901 987 et
929 923 1035 988 adule-

42 1015 154 1078 scentes.
218 1013 242 1077 5
267 1012 340 1078 heu
363 1014 542 1096 quotiens
569 1012 686 1077 fidem
701 1036 746 1077 m.
766 1013 854 1077 deos
877 1012 899 1077 f.
922 1017 959 1077 et
986 1035 1035 1078 as.

40 1121 83 1181 per
107 1101 299 1185 allegoriam
325 1101 405 1166 haec
433 1101 598 1185 dicrmtur‚
628 1102 744 1187 quibus
769 1101 932 1187 significat
953 1104 1034 1166 tem-

40 1191 183 1268 pestatum
207 1189 309 1255 modo
330 1191 506 1256 mutabiles
530 1211 600 1256 esse
624 1191 804 1255 meretricis
826 1190 923 1254 huius
942 1190 1075 1254 blan-1⁰

41 1277 127 1341 ditias.
193 1280 237 1344 12
261 1279 395 1343 miseri
418 1280 559 1364 quibus
586 1280 654 1344 int.
676 1300 707 1342 n.
739 1278 877 1342 miseros
900 1301 956 1342 eos
980 1279 1035 1363 ait,

11 1407 13 1416 ‚
41 1366 135 1448 quibus
160 1367 282 1452 ignota
311 1371 343 1431 et
370 1369 540 1453 inexperta
563 1368 607 1432 sit
628 1367 725 1432 huius
747 1367 927 1430 meretricis
949 1367 1034 1432 irau-

40 1454 170 1520 dulentia.
212 1479 248 1520 se
271 1461 380 1521 autem
402 1479 493 1522 more
517 1479 637 1541 eorum,
661 1457 717 1540 qui
739 1457 913 1520 euaserunt
935 1456 1034 1520 meris

41 1544 174 1629 pericula,
210 1549 291 1610 uota
319 1547 470 1629 soluisse,
503 1546 590 1631 quod
617 1567 727 1610 amore
753 1545 849 1609 huius
878 1545 1034 1609 liberatus

40 1633 75 1694 sit.
106 1633 257 1699 uidemus
276 1639 384 1699 autem
401 1635 562 1719 hodieque
580 1635 714 1720 pingere
736 1634 771 1698 in
793 1633 916 1698 tabulis
939 1647 1075 1718 quos-1⁵

40 1720 95 1784 <lam
119 1743 233 1808 casus,
265 1745 347 1808 quos
375 1725 411 1788 in
436 1725 520 1789 mari
546 1723 638 1807 passi
661 1724 739 1806 sint,
772 1726 870 1807 atque
893 1722 1035 1787 insanis

11 1867 12 1872 ,
40 1811 221 1876 nerinorum
248 1812 381 1878 deorum
407 1833 537 1898 ponere.
583 1816 659 1876 sunt
691 1812 790 1876 etiam
823 1810 878 1894 qui
910 1815 1036 1876 uestem

11 1959 12 1964 ,
41 1921 144 1984 quoque
162 1901 216 1964 ibi
235 1901 444 1985 suspendunt,
463 1902 525 1966 diis
544 1923 616 1965 eam
636 1902 872 1966 consecrantes.
921 1901 961 1964 13
980 1922 1035 1962 me

41 1989 153 2054 tabula
178 2011 290 2054 sacer
319 1990 455 2055 uotiua
484 1990 614 2074 paries
641 1989 791 2058 indicat
817 1987 950 2052 uuida:
983 2007 1035 2052 me

11 2123 12 2136 ,
41 2097 109 2141 sacer
133 2079 246 2162 paries
273 2101 333 2164 per
359 2080 506 2144 tabulam
536 2079 682 2144 uotiuum
711 2077 833 2142 indicat
854 2076 955 2140 maris
977 2099 1035 2160 po·
1049 2091 1075 2130 ²⁰

11 2355 13 2436 t
450 2343 522 2398 ODE
543 2350 567 2411 1,
586 2350 611 2398 e.

11 2447 13 2514 Ξ
109 2449 306 2516 Scriberis
334 2451 454 2518 Uario
488 2452 603 2517 fortis
637 2455 674 2516 et
705 2451 877 2515 hostium
908 2449 1035 2513 uictor

11 2565 13 2616 ς
42 2537 194 2605 llaeonii
219 2541 409 2606 carminis.
451 2540 634 2626 Agrippam
658 2540 851 2624 adloquitur,
874 2538 964 2602 cuius
987 2557 1035 2602 re-

11 2619 13 2684 l
42 2627 209 2714 tergestis
231 2634 331 2715 negat
358 2652 392 2694 se
420 2631 521 2716 lyrico
549 2631 691 2694 carmine
718 2627 904 2694 satisfacere
930 2645 1035 2709 posse,
1050 2638 1075 2678 2⁵

42 2715 158 2803 ideoque
182 2719 293 2802 potius
317 2741 336 2783 a
355 2719 457 2784 Uario
481 2740 536 2784 ees
560 2719 659 2784 scribi
681 2719 806 2782 debere.
842 2714 905 2778 fuit
928 2716 1036 2778 autom

42 2803 66 2867 b.
83 2805 203 2872 Uarius
235 2810 269 2872 et
300 2808 382 2892 epici
410 2809 562 2872 carminis
590 2812 623 2872 et
649 2805 891 2892 tragoediarum
918 2805 951 2866 et
974 2803 1036 2866 ele-

11 2949 13 2956 ,
43 2895 149 2976 giorum
177 2899 304 2980 auctor,
336 2895 474 2981 Uergilii
504 2896 753 2962 contubernalis.
822 2890 1037 2958 2Mueonii

44 2985 206 3050 carminis
235 2985 339 3049 alite.
384 2989 422 3049 ut
450 2986 478 3050 si
501 2982 621 3050 diceret
644 2982 840 3048 ‘Homericis
865 2982 1033 3065 auspiciis’

44 3093 69 3134 cc
86 3093 140 3157 per
162 3074 226 3139 hoc
252 3073 442 3139 ‘Homerica
461 3075 687 3139 sublimitate'.
726 3075 840 3137 notum
859 3073 910 3134 est
928 3074 1036 3135 autem
1050 3085 1077 3125 ³⁰

45 3159 107 3226 nter
134 3163 318 3247 opiniones,
349 3183 433 3248 quae
461 3165 501 3228 de
526 3163 691 3228 natalibus
718 3159 855 3226 Homeri
880 3157 1037 3243 feruntur,

45 3249 123 3314 etiam
143 3252 229 3316 hanc
244 3274 322 3338 csse,
347 3253 441 3338 quasi
458 3251 604 3317 Maeonis
624 3251 710 3315 filius
727 3249 834 3314 fuerit
885 3248 905 3313 3
927 3270 1037 3333 quam

40 2167 101 2230 tenti
121 2167 183 2232 deo
209 2169 406 2233 uestimenta
429 2168 643 2252 suspendisse.
669 2265 672 2272 Ι

99 3445 253 3514 3Pyrhcm
274 3446 312 3499 M
368 3445 598 3515 signorantem?
658 3441 986 3498 11m1senas1t.n.M

49 3517 70 3565 lt
84 3515 201 3572 uoluisse
220 3515 258 3570 M
327 3523 362 3572 20
380 3531 471 3588 magis
491 3514 529 3570 M
603 3521 637 3570 23
657 3525 799 3584 scripseris
819 3557 824 3568 .
845 3552 851 3565 .
870 3527 982 3566 macons
1002 3511 1040 3565 M

100 3591 131 3640 rt
150 3603 198 3642 eas
217 3587 324 3659 Pauly:
343 3603 377 3642 ea
396 3589 434 3642 M
504 3593 538 3642 27
557 3587 631 3658 epici
649 3602 698 3641 coos
717 3591 742 3639 et
759 3584 793 3638 L.
814 3581 919 3638 Mctller
937 3582 1036 3636 Reae.

51 3653 120 3711 Mra:
136 3677 198 3728 ipsc
217 3659 254 3712 M
324 3665 358 3714 28
377 3674 507 3714 maeaom
527 3659 566 3713 M
