2416 3934
136 117 181 180 24
505 111 578 168 ΟΒΕ
596 112 618 180 1,
639 117 671 165 17
690 113 721 166 et
739 117 783 167 18.

136 278 234 344 Liber
252 275 426 362 Thyoneus
449 274 574 340 dieitur.
611 296 725 339 sensus
749 277 858 339 autem
881 277 946 339 est:
970 295 1033 340 nee
1058 273 1174 338 ebrie-

136 370 205 433 tate
227 365 316 430 rixae
339 365 513 466 oriuntur..
572 363 617 428 24
643 361 721 428 Neo
750 362 895 428 metuis
927 365 1172 446 proternum

137 451 379 610 {tertiat
398 452 568 626 ,titt
585 450 1174 625 dbidffiffliiffieffl,

110 652 207 698 enon
230 653 301 697 eam
325 633 507 715 suspectam
529 629 688 713 futuram,
715 650 758 694 ne
781 627 886 713 Cyrus
907 629 977 694 zelo
1001 629 1174 695 incitatus

138 743 254 788 manus
281 720 311 785 ei
338 719 467 783 inferat.
534 717 578 783 25
601 718 765 802 dispari,
797 719 833 782 in
856 739 966 784 amore
989 739 1060 782 non
1084 739 1171 784 eon·

139 809 292 876 sentienti
316 808 438 873 scilieet
459 807 726 892 intellegendum.

558 999 630 1055 ona
652 1006 675 1068 1,
696 1005 738 1055 18.
843 1039 847 1050 .

229 1107 385 1175 Nullam
412 1109 513 1174 Uare
542 1129 652 1174 saera
678 1109 758 1172 uite
786 1108 896 1192 prius
921 1130 945 1172 s.
969 1129 997 1172 a.
1042 1108 1171 1173 uinum

102 1218 129 1258 10
142 1199 254 1265 laudat
285 1199 424 1264 suadens
446 1197 537 1264 Uaro
569 1200 607 1262 ut
635 1197 671 1260 in
697 1196 830 1281 regione
854 1194 1027 1262 Tiburtina
1056 1197 1172 1264 uitem

141 1289 251 1374 potius
274 1309 371 1374 quam
395 1287 544 1354 arborem
563 1288 658 1350 serat.
748 1286 769 1350 2
792 1289 830 1350 et
852 1287 1005 1351 moenia
1028 1284 1170 1352 Catili.

141 1382 175 1444 et
202 1400 300 1462 supra
332 1376 532 1443 ostendimus
560 1372 700 1440 Oatilum
731 1376 764 1438 et
792 1372 911 1439 Ooram
936 1374 1055 1439 fratres
1090 1397 1169 1440 esse

141 1467 287 1551 Tiburni,
310 1467 400 1532 ouius
423 1465 554 1530 nomine
568 1462 669 1529 Tibur
692 1461 914 1528 eondidemnt.
983 1465 1002 1528 ‘l
1026 1485 1072 1529 ao
1094 1486 1169 1529 ne-

143 1556 228 1640 quis
246 1545 388 1619 m'odiei
405 1558 429 1619 t.
442 1575 484 1618 m.
498 1552 534 1618 L.
561 1559 603 1617 ne
617 1552 699 1637 quis,
711 1551 827 1638 inquit,
840 1551 1042 1618 inmoderate
1056 1552 1170 1639 bibat,

103 1661 130 1702 ιε»
144 1644 290 1727 exemplo
315 1646 391 1708 sunt
412 1641 571 1726 Lapithae
601 1645 635 1704 et
657 1639 824 1723 Centauri,
854 1641 911 1725 qui
940 1642 975 1706 in
1005 1642 1168 1709 conuiuio

142 1731 282 1797 Pirithoi
289 1731 356 1796 'hae
369 1732 526 1797 ebrietate
539 1750 685 1816 pugnam
698 1733 938 1795 contraxerunt.
993 1731 1013 1795 9
1028 1735 1169 1796 monet

143 1819 339 1886 Sithoniis
369 1842 401 1886 n.
423 1821 444 1884 l.
466 1819 505 1884 Ε.
552 1817 691 1886 Sithonii
720 1818 862 1883 Thraces
893 1821 985 1903 sunt,
1015 1819 1072 1904 qui
1102 1843 1168 1905 per

142 1909 358 1975 uinulentiam
379 1908 511 1974 inuitati
533 1907 632 1972 etiam
654 1907 795 1973 inlicitos
819 1908 1010 1973 concubitus
1029 1909 1167 1976 audent.

213 2001 252 2064 11
276 2021 353 2064 non
376 2019 446 2084 ego
469 2001 507 2062 te
531 1997 692 2062 candide
710 1994 749 2060 B.
772 2016 928 2081 agenore
946 1997 1047 2062 uestis
1061 1996 1168 2063 Liber

103 2107 130 2147 20
143 2085 322 2152 Bassareus
340 2088 531 2171 appellatur,
549 2086 635 2150 unde
653 2090 687 2150 et
704 2084 793 2168 ipsae
807 2084 955 2150 Baoehae
969 2085 1166 2152 Bassarides

143 2175 356 2326 qppellantur.
417 2175 546 2324 12fneo
568 2173 842 2326 uariisbpibsita
864 2174 1069 2329 frqendibtuus
1091 2178 1167 2279 snb

166 2284 220 2326 .r.
268 2283 378 2326 .non
423 2283 622 2327 roeramm
667 2284 688 2326 u
736 2283 902 2328 eumms
936 2287 986 2329 na
1050 2285 1070 2329 a
1111 2288 1165 2330 rn-

143 2349 228 2435 quit,
245 2283 386 2414 detentio
400 2285 554 2434 Ialioquin
576 2354 609 2416 et
632 2285 763 2417 sboreta.
809 2286 946 2438 sedyper
969 2315 1166 2440 allegoiiam

142 2437 206 2503 hoo
229 2437 357 2501 uidetur
380 2437 499 2504 dicere:
523 2459 562 2502 ea
585 2461 666 2524 quae
689 2439 765 2506 fidei
781 2463 873 2507 meae
891 2443 1064 2508 commissa
1082 2451 1166 2508 sunt

103 2544 131 2584 2⁵
144 2548 320 2611 numquam
335 2547 395 2613 ego
411 2528 517 2592 ebrius
530 2528 636 2595 faetus
650 2528 795 2614 prodam.
864 2531 906 2595 13
930 2553 1048 2595 saeua
1070 2535 1166 2597 tene

144 2637 226 2681 oum
244 2613 506 2702 Berecynthio
530 2639 652 2683 eornu
674 2623 865 2704 tympana.
902 2640 959 2684 oro
978 2624 1021 2704 te,
1042 2620 1167 2706 inquit,

143 2706 311 2770 contineas
342 2728 361 2770 a
391 2729 458 2791 me,
488 2729 507 2772 o
530 2706 643 2793 Liber,
671 2708 790 2772 furoris
819 2707 1047 2793 incitamenta,
1076 2731 1165 2794 quae

137 2813 197 2874 per
223 2816 257 2859 se
285 2793 357 2878 ipsa
384 2796 425 2860 ad
453 2795 663 2882 cupiditatem
690 2795 874 2863 insaniendi
902 2798 1091 2863 aeoendunt.

146 2880 187 2945 15
211 2886 248 2946 et
270 2882 415 2951 tollens
438 2909 599 2952 uacuum
621 2887 708 2971 plus
730 2886 849 2950 nimio
869 2906 899 2971 g.
918 2907 949 2949 u.
980 2885 1165 2972 eleganter,

102 2969 220 3051 aquia
250 2991 290 3034 ex
320 2971 475 3040 ebrietate
504 2977 648 3061 plerique
677 2976 750 3060 plus
780 2974 842 3040 sibi
872 2973 1031 3060 adrogant
1061 2998 1166 3060 quam

217 3167 248 3215 12
269 3161 305 3215 ae
325 3167 349 3229 τ,
375 3169 408 3218 13
530 3182 534 3189 ·

216 3326 230 3378 1
250 3319 378 3375 hebnate
398 3321 437 3376 M
524 3335 541 3384 5
560 3345 635 3384 eam:
655 3346 731 3384 emm
748 3333 780 3382 at
797 3327 909 3382 aidetwr
928 3327 967 3380 M
1055 3335 1071 3384 9
1091 3347 1166 3385 nare

143 3401 219 3442 seras
238 3392 319 3446 mtes.
338 3408 359 3444 s.
379 3407 405 3446 a.
425 3395 465 3449 M
531 3407 580 3458 „11
600 3417 686 3470 quam
704 3399 827 3466 aliamg
911 3397 1022 3452 eathrllr
1042 3400 1082 3454 M

145 3461 177 3510 12
197 3460 345 3514 eathrllum
365 3461 403 3515 M
475 3471 657 3526 13t1burt1n1
676 3471 715 3525 M
784 3476 816 3525 18
835 3469 999 3524 eoneubrtos
1018 3471 1058 3525 M
1127 3478 1166 3527 20

143 3527 343 3655 {1323th
422 3541 456 3591 23
476 3542 614 3596 exseordea
632 3543 671 3596 M
740 3547 774 3597 28
793 3556 843 3609 per
861 3540 926 3595 add.
945 3539 1042 3612 Pauly
1126 3549 1164 3597 29
