2416 3934
142 110 185 173 82
514 103 587 160 ODE
605 105 655 174 111,
673 111 689 158 3
708 106 738 156 et
756 109 781 158 4.

142 292 229 336 nunc
252 293 312 355 pro
335 267 506 334 ‘licentior'
529 268 654 332 dicitm.
746 268 787 330 ‘ll
813 270 851 329 ct
873 287 1016 350 magna
1040 263 1173 328 modis

143 363 304 424 tenuare
340 360 482 442 parnis.
541 377 654 420 sensus
687 359 751 419 est:
784 355 897 419 desine
928 375 1074 440 magnas
1110 375 1176 438 ree,

144 470 227 534 quae
257 449 388 514 heroico
421 446 525 530 magis
562 445 698 510 carmini
733 445 950 528 conueniunt,
986 448 1174 508 extenuans

142 538 327 602 humilitate
349 536 444 620 lyrici
467 535 627 599 carminis.

115 738 130 778 a
571 726 644 780 ODE
663 734 689 794 3,
708 733 734 780 4.

233 837 433 903 Descende
465 836 572 900 eaelo
605 838 643 900 et
674 835 735 900 dic
762 857 834 920 age
861 835 970 899 tibia.
1029 835 1176 898 inuocat

149 929 277 993 Musam
298 931 336 991 ut
359 949 392 990 se
415 926 506 990 iuuet
527 926 563 988 in
586 924 792 988 carminibus.
836 925 893 988 sed
916 923 1005 1007 quod
1028 923 1078 986 ait
1109 924 1176 988 de-

149 1016 287 1080 scende
306 1016 430 1100 caelo,
454 1015 495 1078 ad
511 1013 592 1077 illud
609 1014 760 1096 pertinet,
772 1013 860 1097 quod
877 1013 959 1076 uelit
975 1012 1044 1076 iam
1060 1017 1177 1076 trans·
1204 1017 1205 1084 l

146 1106 193 1168 ire
212 1127 232 1168 a
245 1102 380 1169 Iunonis
403 1103 615 1186 sermonibus,
637 1123 718 1186 quos
741 1103 777 1165 in
800 1103 890 1167 caelo
913 1101 1072 1166 habuisse
1096 1123 1178 1165 eam

110 1219 134 1257 11
149 1193 344 1258 ostenderat.
421 1193 443 1256 5
466 1191 622 1258 auditis.
666 1191 720 1255 hic
744 1191 1011 1276 distinguendum
1035 1194 1071 1254 et
1094 1213 1178 1274 pro-

147 1283 365 1347 nuntiandum
387 1281 623 1366 interrogatiua
645 1279 758 1364 figam.
817 1279 898 1344 dicit
920 1283 1030 1344 autem
1055 1280 1179 1344 audire
1204 1355 1205 1358 Ἴ

148 1393 183 1436 se
205 1393 320 1436 uocem
342 1371 456 1434 Musae
479 1374 603 1434 cantus.
678 1369 700 1432 5
723 1390 770 1433 aa
792 1389 846 1434 mc
868 1369 968 1434 ladit
988 1370 1179 1433 amabilis
1204 1413 1205 1420 .

146 1462 318 1525 insanio:
337 1463 395 1524 aut
407 1459 565 1542 numquid
583 1480 645 1543 ego
658 1458 721 1523 hoc
734 1458 900 1542 imaginor
914 1480 1023 1523 errore
1036 1458 1180 1540 mentis,
1204 1531 1205 1534 Ἴ

148 1571 244 1633 quem
265 1549 367 1612 nimio
391 1549 518 1632 poetico
542 1547 649 1612 studio
672 1547 829 1630 concepi?
922 1547 942 1610 6
971 1547 1111 1610 audire
1140 1551 1205 1631 et

109 1662 134 1701 15
148 1637 282 1702 uideor
304 1637 398 1721 pios.
442 1635 496 1700 hic
523 1637 594 1718 pios
624 1636 705 1698 dixit
725 1657 786 1719 pro
810 1637 882 1720 diis,
905 1639 938 1699 et
961 1658 1001 1699 ex
1022 1635 1088 1700 hoc
1111 1659 1179 1720 pro

148 1726 252 1789 Musis
275 1725 478 1789 dictumest.
567 1724 588 1787 9
616 1746 672 1788 me
699 1724 905 1790 fabulosae
932 1723 1103 1789 Uulture
1137 1726 1180 1788 in

148 1813 274 1898 Apulo
298 1863 306 1877 .
330 1864 337 1877 .
361 1816 468 1876 extra
490 1813 608 1877 limen
631 1812 807 1897 Apuliae.
852 1812 974 1877 Uultur
997 1834 1095 1877 mons
1124 1819 1179 1878 est

149 1903 186 1967 in
208 1902 338 1986 Apulia,
360 1901 417 1966 ubi
440 1902 518 1966 dicit
541 1924 575 1966 se
597 1905 695 1985 poeta
718 1902 891 1966 educatum
916 1925 936 1966 a
958 1902 1089 1966 nutrice
1114 1925 1180 1968 no·
1204 1955 1205 1960 ,

151 1991 238 2056 mine
251 1991 400 2076 Apuliae,
422 2013 520 2075 quam
537 1990 721 2054 fabulosam
743 1991 931 2076 appellauit,
954 1992 1041 2074 quod
1065 1993 1181 2056 nutri-
1204 2045 1205 2050 ,

111 2106 138 2145 ao
152 2102 204 2145 ces
230 2081 298 2145 fere
327 2081 466 2144 alumnis
494 2080 560 2144 suis
587 2079 715 2144 fabulas
737 2101 871 2144 narrare
895 2081 1032 2146 soleant.
1134 2083 1177 2144 11
1204 2133 1205 2144 .

152 2169 241 2233 ludo
264 2169 483 2252 fatigatum.
521 2168 599 2232 ordo
614 2171 677 2231 est:
696 2168 772 2232 ludo
788 2190 968 2253 somnoque
982 2169 1181 2254 fatigatum.
1204 2163 1205 2174 ¹

243 2258 286 2320 14
316 2258 545 2340 quicumque
578 2257 704 2321 celsae
731 2257 862 2322 nidum
892 2258 1181 2324 Acheruntiae.

153 2344 354 2410 Acheruntia
382 2344 536 2429 oppidum
563 2349 614 2408 est
640 2343 816 2430 Lucaniae,
844 2369 942 2430 quam
971 2347 1088 2412 nidum
1117 2371 1181 2432 ap-

153 2433 301 2518 pellauit,
325 2432 410 2517 quod
436 2455 574 2517 paruum
602 2434 644 2497 sit
671 2437 704 2497 et
732 2435 768 2498 in
800 2457 927 2506 summo
957 2441 1071 2501 monte
1096 2460 1182 2502 con-

115 2545 141 2587 as
155 2523 314 2608 stitutum,
337 2522 420 2586 sicut
441 2521 511 2586 nidi
534 2523 643 2586 auium
664 2523 699 2585 in
718 2525 852 2589 summis
872 2525 1043 2591 arboribus
1064 2528 1182 2591 solent

154 2634 233 2678 esse.
325 2610 367 2676 15
391 2612 591 2696 saltusque
614 2610 814 2678 Bantinos,
843 2615 911 2694 [cu]
935 2612 1056 2679 Bantia
1081 2618 1182 2700 oppi-

155 2703 232 2768 dum
255 2702 362 2766 estin
385 2699 514 2785 Apulia.
584 2700 625 2765 15
649 2704 687 2764 et
710 2723 842 2766 aruum
865 2705 1010 2788 pingue
1034 2708 1182 2768 tenent

155 2791 312 2856 humilis
341 2790 508 2855 Ferenti.
568 2789 705 2854 Ferente
736 2792 891 2876 oppidum
922 2796 972 2858 est
1005 2796 1038 2856 et
1065 2795 1182 2877 ipsum

155 2880 190 2943 in
213 2879 366 2964 Lucania,
389 2879 475 2963 quod
496 2879 618 2943 humile
642 2880 828 2965 appellauit,
852 2883 938 2964 quod
959 2881 995 2945 in
1011 2882 1100 2946 ualle
1124 2889 1182 2946 est

117 2966 309 3052 sepositum.
393 2969 433 3033 18
456 2971 498 3032 ut
520 2989 715 3053 premerer
738 2991 848 3034 sacra
871 2971 1060 3054 lauroque
1084 2979 1181 3036 con-

157 3058 314 3141 lataque
342 3059 475 3140 myrto.
535 3079 660 3122 sacram
687 3058 814 3122 laurum
844 3080 913 3123 non
939 3060 1012 3123 ideo
1043 3063 1183 3124 tautum

158 3146 252 3232 dixit,
284 3145 369 3230 quod
400 3145 442 3209 sit
472 3147 507 3210 in
533 3148 636 3211 tutela
664 3145 841 3233 Apollinis,
872 3148 928 3213 sed
957 3147 1058 3212 etiam
1088 3149 1182 3233 quod

158 3235 237 3300 uelit
265 3235 420 3301 diuinitus
449 3257 483 3299 se
511 3257 549 3300 ea
577 3240 765 3321 coopertum
793 3258 812 3300 a
836 3237 993 3302 columbis
1016 3237 1182 3322 intellegi.

231 3397 265 3445 12
285 3407 321 3444 an
341 3434 346 3445 .
368 3391 505 3446 ‚insania
523 3394 621 3448 addidi
677 3399 709 3447 18
729 3409 747 3446 a
763 3394 885 3447 nutn'ce:
905 3411 943 3448 an
961 3396 994 3448 ut
1007 3394 1075 3468 ficte
1090 3395 1130 3448 M

164 3467 198 3515 20
218 3460 388 3516 alumm1bus
408 3463 446 3515 M
516 3467 549 3516 22
569 3465 624 3518 cels
643 3481 722 3516 mum
739 3463 941 3522 hachemntiae
961 3465 1001 3518 M
1072 3465 1183 3519 26121-

162 3532 208 3586 tus
228 3531 332 3585 cubant
349 3547 411 3585 mos
431 3532 470 3584 M
566 3539 599 3588 28
617 3481 805 3602 dereutumg
908 3541 942 3590 30
960 3551 1180 3604 praemetet..

166 3600 493 3669 lauraq;..m11toM
563 3609 725 3659 alsaciam
744 3605 782 3658 M
852 3612 886 3659 32
906 3607 1059 3676 appollims
1079 3606 1109 3660 M
