2416 3934
372 131 443 188 ona
463 133 498 200 n,
519 139 550 187 12
571 135 599 188 er
619 140 661 189 rr.
971 135 1013 200 63

46 294 155 356 irascenti
174 294 316 358 amatori
338 295 404 358 iam
427 294 549 360 scilicet
572 296 650 360 satis
673 296 779 361 facere
803 298 944 382 cupiens.
981 303 1014 364 et

46 387 116 445 bobun
134 381 186 446 hoc
210 382 407 463 [otiositate]
430 385 513 448 mira
536 385 667 470 energia
690 407 875 470 expressum
898 392 955 452 est.

415 573 486 630 ODE
507 581 533 644 2,
554 583 595 633 13.

100 681 159 747 ille
189 688 229 749 et
262 685 416 750 nefasto
448 689 472 750 t.
499 709 531 770 p.
559 687 588 750 d.
648 693 831 753 exsecratur
858 687 919 752 hac
943 682 1013 776 atre

43 772 147 858 arborem
172 775 210 838 in
242 772 364 840 Sabino
394 775 500 860 agello
531 798 605 861 suo,
635 777 721 860 quod
744 799 840 862 super
864 778 1041 843 deambus

43 861 176 926 tartense
201 863 322 928 decidit
344 886 381 928 ac
403 886 507 948 paene
522 867 690 949 oppressit.
727 868 881 932 nefasto
906 871 1014 932 autem

43 947 187 1020 herfasto
211 957 246 1016 ct
268 952 507 1020 abominando'.
575 955 596 1018 2
620 959 657 1018 et
685 957 878 1041 sacrilega
901 977 1014 1020 manu

42 1059 59 1118 p.
74 1060 93 1101 a.
128 1042 278 1105 uocatiuo
302 1063 378 1106 casu
401 1041 510 1126 accipe
534 1042 662 1128 arbos,
684 1043 746 1109 hoc
770 1048 819 1108 est
843 1044 873 1108 ‘o
897 1043 1014 1108 arbos'.

83 1128 104 1190 3.
127 1130 239 1194 arbos
268 1179 276 1193 .
300 1180 307 1193 .
324 1132 411 1214 papi.
456 1130 554 1215 belle,
582 1132 674 1216 quasi
697 1132 738 1196 ad
761 1133 847 1197 illius
870 1133 1013 1217 regionis

42 1215 165 1282 infamiam
188 1218 373 1302 pertineret,
397 1219 545 1284 arborem
569 1242 663 1284 suum
687 1221 748 1285 sibi
771 1221 937 1288 dominum
956 1243 1013 1305 op·
1028 1242 1054 1282 10
1082 1251 1084 1257 ⁸

41 1306 161 1384 pressisse.
230 1307 250 1372 6
282 1311 321 1372 eb
345 1310 566 1393 penetralia
595 1310 787 1393 sparsisse
818 1305 1012 1376 'nocturno

42 1413 55 1453 r.
72 1393 230 1480 hospitis.
281 1397 409 1480 hospitis
439 1398 489 1462 sui
518 1399 698 1483 penetralia
721 1419 833 1463 cruore
857 1400 1013 1482 sparsisse

41 1479 77 1544 bec
94 1490 134 1548 est
158 1485 322 1570 hospitem
348 1487 384 1551 in
412 1487 508 1552 domo
533 1509 592 1552 sua
614 1487 823 1552 interfecisse.
900 1489 920 1552 8
944 1487 1012 1552 ille

42 1571 78 1649 [eb]
95 1595 234 1639 uenena
257 1573 407 1640 Colcha.
444 1575 641 1660 Colchica,
662 1577 778 1661 inquit,
800 1577 875 1661 quia
898 1576 1014 1642 Medea

42 1659 130 1750 babebis
151 1663 221 1748 fuit,
244 1685 342 1748 quam
367 1687 526 1730 summam
549 1666 726 1730 ueneficam
744 1665 844 1730 fuisse
858 1664 1013 1731 historiae
1027 1669 1054 1725 io

41 1749 194 1816 braccarum
226 1752 368 1817 tradunt.
452 1755 494 1818 14
526 1755 565 1819 in
595 1756 720 1820 horas.
751 1755 889 1819 nauita
924 1753 1013 1820 Bos·

39 1838 161 1917 phorum
183 1841 334 1907 Poenus
357 1842 460 1926 perh.
515 1842 566 1908 his
590 1848 632 1928 et,
654 1865 736 1928 quae
761 1843 904 1908 subiecta
928 1846 1014 1926 sunt,

39 1926 162 2010 significat
183 1951 444 2016 unumquemque
467 1931 636 1998 hominum
659 1954 728 1997 non
750 1932 816 1998 fere
834 1931 1015 2017 periculum

39 2014 117 2084 tinere
141 2020 202 2084 nisi
231 2041 304 2084 cum
331 2021 497 2103 proximus
521 2021 577 2104 sit,
606 2042 720 2086 uerum
742 2025 852 2084 tamen
875 2021 1013 2104 plerum-

40 2124 77 2184 pre
102 2129 135 2171 ex
164 2108 332 2192 inprouiso
367 2111 454 2174 mala
488 2110 657 2193 inopinata
688 2109 884 2176 interuenire
917 2113 1055 2194 atquem
1075 2192 1094 2203 ν

38 2197 187 2275 opprimere.
244 2197 636 2264 neumnensium
658 2198 900 2282 Bosphorum
921 2197 1014 2263 Poe-

39 2299 83 2345 nus
107 2285 373 2368 perhorrescit.
433 2286 622 2371 Bosphorus
649 2288 760 2353 fauces
789 2292 866 2352 sunt
888 2287 1014 2352 Pontici

37 2372 117 2456 naris,
136 2375 218 2440 unde
242 2376 431 2460 longissime
454 2376 568 2440 Africa
591 2380 649 2441 est.
700 2378 777 2462 quid
808 2377 856 2441 ita
885 2377 1014 2444 Poenus

37 2461 117 2525 nauita
141 2485 212 2528 eum
238 2463 486 2548 perhorrescat?
521 2466 680 2550 numquid
707 2487 785 2552 ergo
808 2464 1015 2549 Bosphorum

37 2565 75 2627 pro
93 2553 226 2634 quolibet
247 2553 332 2618 freto
355 2554 487 2638 posuit?
510 2555 604 2638 ‘freta
627 2559 735 2620 autem
759 2558 898 2639 angusta
912 2554 1014 2617 maria
1028 2573 1055 2614 as

37 2640 162 2706 concitata
188 2647 275 2707 sunt.
330 2644 440 2708 omnia
466 2646 576 2709 autem
604 2644 688 2708 freta
718 2666 737 2708 a
770 2644 898 2707 feruore
928 2642 1015 2706 dicta

38 2726 233 2796 existimantur.
278 2732 320 2796 21
339 2754 448 2816 quam
466 2754 588 2817 paene
606 2733 744 2797 furuae
763 2755 788 2797 r.
806 2730 841 2795 P.
877 2731 1013 2796 furuae

38 2809 138 2899 ‘nigrae'
160 2821 334 2906 significat,
364 2821 449 2886 unde
472 2822 560 2886 furta
582 2825 700 2906 putant
723 2822 825 2904 dicta,
848 2820 934 2904 quod
956 2841 1015 2904 per

38 2902 164 2987 nigrorem
195 2911 279 2974 acris
306 2909 340 2973 id
368 2913 417 2974 est
443 2910 595 2975 tenebras
622 2911 761 2974 maxime
780 2911 880 2974 'fiant
970 2909 1013 2974 23

39 2993 186 3081 sedesque
216 2998 434 3083 descriptas
460 3000 622 3084 piorum.
669 2999 887 3082 descriptas
908 2998 947 3062 id.
965 3003 1056 3062 estas

38 3130 211 3150 g„-

86 3210 253 3264 '2ocrosrtate
278 3210 327 3274 M,
354 3211 623 3280 interpretamentum
645 3210 724 3264 aerbt
749 3207 896 3280 ‘energia'
922 3224 972 3262 ona.
997 3226 1014 3275 ς

40 3272 299 3350 obcaecante
371 3297 519 3351 expresum
538 3281 576 3334 M
652 3280 819 3347 ,tfaustog
896 3279 1014 3334 9arbos

41 3343 87 3398 rebe
102 3349 134 3402 M
189 3358 222 3407 10
241 3353 296 3408 srbr
316 3352 365 3405 M:
384 3352 492 3407 scilicet
510 3370 528 3420 ς
546 3353 581 3418 cf.
602 3352 639 3406 ad
657 3353 700 3407 ort.
719 3357 764 3417 18,
785 3356 824 3406 29
886 3357 916 3403 11
938 3365 1014 3418 spar-

43 3427 74 3466 rbe
88 3461 92 3471 .
108 3460 113 3472 .
129 3421 251 3493 hospites
272 3423 310 3478 M
326 3423 451 3478 colchica
470 3423 508 3476 M
579 3428 612 3477 16
630 3422 775 3477 bosfornm
795 3421 833 3473 M
900 3428 932 3474 19
971 3434 1014 3471 ro·

42 3481 145 3560 finrung
201 3501 235 3548 20
254 3493 347 3564 adque
367 3495 405 3548 M
462 3501 495 3548 21
515 3493 658 3548 bosforum
676 3509 782 3562 poenus
803 3491 841 3542 M
897 3496 931 3542 22
950 3437 1013 3542 bos-

43 3551 101 3612 brim
115 3562 204 3620 fauces
223 3565 261 3619 M
332 3571 365 3618 23
385 3567 435 3620 est.
454 3564 524 3633 quid
541 3564 584 3618 ita
602 3579 666 3618 ace:
685 3567 730 3616 srt.
750 3560 825 3628 quod
844 3561 887 3610 rta
906 3557 945 3610 M

43 3628 195 3690 rrbcsforum
215 3637 254 3692 M
307 3643 431 3705 2700110
451 3635 489 3688 M
