<?xml version="1.0" encoding="UTF-8"?>
<!DOCTYPE html PUBLIC "-//W3C//DTD XHTML 1.0 Transitional//EN"
    "http://www.w3.org/TR/xhtml1/DTD/xhtml1-transitional.dtd">
<html xmlns="http://www.w3.org/1999/xhtml" xml:lang="en" lang="en">
 <head>
  <title>
</title>
<meta http-equiv="Content-Type" content="text/html;charset=utf-8" />
  <meta name='ocr-system' content='tesseract 3.04.00' />
  <meta name='ocr-capabilities' content='ocr_page ocr_carea ocr_par ocr_line ocrx_word'/>
</head>
<body>
  <div class='ocr_page' id='page_1' title='image "./commentuminhora01porpgoog_0322.png"; bbox 0 0 2426 3934; ppageno 0'>
   <div class='ocr_carea' id='block_1_1' title="bbox 172 139 887 217">
    <p class='ocr_par' dir='ltr' id='par_1_1' title="bbox 172 139 887 217">
     <span class='ocr_line' id='line_1_1' title="bbox 172 139 887 217; baseline -0.015 -4"><span class='ocrx_word' id='word_1_1' title='bbox 172 147 237 212; x_wconf 84' lang='lat'>308</span> <span class='ocrx_word' id='word_1_2' title='bbox 303 139 320 168; x_wconf 80' lang='lat'>&#39;</span> <span class='ocrx_word' id='word_1_3' title='bbox 487 147 667 202; x_wconf 78' lang='lat' dir='ltr'><strong>EPISTULA</strong></span> <span class='ocrx_word' id='word_1_4' title='bbox 684 148 707 217; x_wconf 82' lang='grc' dir='ltr'>Ι,</span> <span class='ocrx_word' id='word_1_5' title='bbox 726 153 769 214; x_wconf 81' lang='lat' dir='ltr'>ro,</span> <span class='ocrx_word' id='word_1_6' title='bbox 789 152 887 202; x_wconf 79' lang='lat' dir='ltr'>a-rr.</span> 
     </span>
    </p>
   </div>
   <div class='ocr_carea' id='block_1_2' title="bbox 133 308 1177 2974">
    <p class='ocr_par' dir='ltr' id='par_1_2' title="bbox 133 308 1177 2974">
     <span class='ocr_line' id='line_1_2' title="bbox 171 308 1170 392; baseline -0.004 -16"><span class='ocrx_word' id='word_1_7' title='bbox 171 310 344 376; x_wconf 82' lang='lat' dir='ltr'>bendamm</span> <span class='ocrx_word' id='word_1_8' title='bbox 365 331 473 374; x_wconf 85' lang='lat' dir='ltr'>rerum</span> <span class='ocrx_word' id='word_1_9' title='bbox 495 309 557 376; x_wconf 86' lang='lat' dir='ltr'>hoc</span> <span class='ocrx_word' id='word_1_10' title='bbox 581 312 631 374; x_wconf 88' lang='lat' dir='ltr'>est</span> <span class='ocrx_word' id='word_1_11' title='bbox 654 308 864 373; x_wconf 88' lang='lat' dir='ltr'>emendarum</span> <span class='ocrx_word' id='word_1_12' title='bbox 887 331 925 374; x_wconf 84' lang='lat' dir='ltr'>ac</span> <span class='ocrx_word' id='word_1_13' title='bbox 938 308 1170 392; x_wconf 84' lang='lat' dir='ltr'>uendeudarum,</span> 
     </span>
     <span class='ocr_line' id='line_1_3' title="bbox 172 397 1170 571; baseline -0.003 -18"><span class='ocrx_word' id='word_1_14' title='bbox 172 397 899 571; x_wconf 50' lang='lat' dir='ltr'>ltttffttdtlttttltfflgltll</span> <span class='ocrx_word' id='word_1_15' title='bbox 921 397 1170 571; x_wconf 55' lang='lat' dir='ltr'>illailla?</span> 
     </span>
     <span class='ocr_line' id='line_1_4' title="bbox 173 539 1172 660; baseline -0.001 -19"><span class='ocrx_word' id='word_1_16' title='bbox 173 578 229 660; x_wconf 90' lang='lat' dir='ltr'>qui</span> <span class='ocrx_word' id='word_1_17' title='bbox 258 578 297 640; x_wconf 90' lang='lat' dir='ltr'>in</span> <span class='ocrx_word' id='word_1_18' title='bbox 327 599 366 641; x_wconf 87' lang='lat' dir='ltr'>eo</span> <span class='ocrx_word' id='word_1_19' title='bbox 390 598 500 641; x_wconf 88' lang='lat' dir='ltr'>arcum</span> <span class='ocrx_word' id='word_1_20' title='bbox 521 575 622 641; x_wconf 86' lang='lat' dir='ltr'>habet</span> <span class='ocrx_word' id='word_1_21' title='bbox 652 575 716 640; x_wconf 90' lang='lat' dir='ltr'>sibi</span> <span class='ocrx_word' id='word_1_22' title='bbox 745 578 982 660; x_wconf 64' lang='lat' dir='ltr'>consecratum</span> <span class='ocrx_word' id='word_1_23' title='bbox 1019 597 1077 659; x_wconf 88' lang='lat' dir='ltr'>per</span> <span class='ocrx_word' id='word_1_24' title='bbox 1106 539 1172 658; x_wconf 71' lang='lat' dir='ltr'>quod</span> 
     </span>
     <span class='ocr_line' id='line_1_5' title="bbox 146 663 1173 750; baseline -0.004 -20"><span class='ocrx_word' id='word_1_25' title='bbox 146 666 251 730; x_wconf 63' lang='lat' dir='ltr'>bdeos</span> <span class='ocrx_word' id='word_1_26' title='bbox 273 666 345 730; x_wconf 90' lang='lat' dir='ltr'>loca</span> <span class='ocrx_word' id='word_1_27' title='bbox 368 665 540 750; x_wconf 85' lang='lat' dir='ltr'>significat,</span> <span class='ocrx_word' id='word_1_28' title='bbox 563 666 598 730; x_wconf 92' lang='lat' dir='ltr'>in</span> <span class='ocrx_word' id='word_1_29' title='bbox 622 663 739 748; x_wconf 90' lang='lat' dir='ltr'>quibus</span> <span class='ocrx_word' id='word_1_30' title='bbox 762 686 837 729; x_wconf 88' lang='lat' dir='ltr'>cum</span> <span class='ocrx_word' id='word_1_31' title='bbox 851 665 966 728; x_wconf 87' lang='lat' dir='ltr'>ceteris</span> <span class='ocrx_word' id='word_1_32' title='bbox 979 665 1076 728; x_wconf 87' lang='lat' dir='ltr'>rebus</span> <span class='ocrx_word' id='word_1_33' title='bbox 1091 665 1173 728; x_wconf 88' lang='lat' dir='ltr'>etiam</span> 
     </span>
     <span class='ocr_line' id='line_1_6' title="bbox 174 753 1173 820; baseline -0.002 -2"><span class='ocrx_word' id='word_1_34' title='bbox 174 754 250 818; x_wconf 87' lang='lat' dir='ltr'>libri</span> <span class='ocrx_word' id='word_1_35' title='bbox 276 754 408 818; x_wconf 84' lang='lat' dir='ltr'>uenales</span> <span class='ocrx_word' id='word_1_36' title='bbox 439 758 540 820; x_wconf 88' lang='lat' dir='ltr'>erant.</span> <span class='ocrx_word' id='word_1_37' title='bbox 586 775 663 818; x_wconf 87' lang='lat' dir='ltr'>sane</span> <span class='ocrx_word' id='word_1_38' title='bbox 695 755 729 817; x_wconf 87' lang='lat' dir='ltr'>et</span> <span class='ocrx_word' id='word_1_39' title='bbox 760 774 799 817; x_wconf 86' lang='lat' dir='ltr'>ex</span> <span class='ocrx_word' id='word_1_40' title='bbox 827 753 880 816; x_wconf 83' lang='lat' dir='ltr'>his</span> <span class='ocrx_word' id='word_1_41' title='bbox 911 753 1061 817; x_wconf 89' lang='lat' dir='ltr'>uersibus</span> <span class='ocrx_word' id='word_1_42' title='bbox 1093 753 1173 816; x_wconf 84' lang='lat' dir='ltr'>etin</span> 
     </span>
     <span class='ocr_line' id='line_1_7' title="bbox 173 840 1173 927; baseline -0.003 -20"><span class='ocrx_word' id='word_1_43' title='bbox 173 843 335 927; x_wconf 87' lang='lat' dir='ltr'>principio</span> <span class='ocrx_word' id='word_1_44' title='bbox 362 843 526 926; x_wconf 89' lang='lat' dir='ltr'>sequentis</span> <span class='ocrx_word' id='word_1_45' title='bbox 553 841 629 906; x_wconf 90' lang='lat' dir='ltr'>libri</span> <span class='ocrx_word' id='word_1_46' title='bbox 656 845 792 925; x_wconf 89' lang='lat' dir='ltr'>apparet</span> <span class='ocrx_word' id='word_1_47' title='bbox 814 840 989 906; x_wconf 78' lang='lat' dir='ltr'><strong>Horatium</strong></span> <span class='ocrx_word' id='word_1_48' title='bbox 1016 841 1079 906; x_wconf 90' lang='lat' dir='ltr'>hoo</span> <span class='ocrx_word' id='word_1_49' title='bbox 1100 842 1173 904; x_wconf 88' lang='lat' dir='ltr'>uolu-</span> 
     </span>
     <span class='ocr_line' id='line_1_8' title="bbox 174 930 1174 1015; baseline -0.003 -19"><span class='ocrx_word' id='word_1_50' title='bbox 174 954 249 996; x_wconf 85' lang='lat' dir='ltr'>men</span> <span class='ocrx_word' id='word_1_51' title='bbox 281 932 374 1015; x_wconf 81' lang='lat' dir='ltr'>quasi</span> <span class='ocrx_word' id='word_1_52' title='bbox 406 931 621 996; x_wconf 89' lang='lat' dir='ltr'>uouissimum</span> <span class='ocrx_word' id='word_1_53' title='bbox 651 930 753 995; x_wconf 86' lang='lat' dir='ltr'>totius</span> <span class='ocrx_word' id='word_1_54' title='bbox 777 930 885 1013; x_wconf 89' lang='lat' dir='ltr'>operis</span> <span class='ocrx_word' id='word_1_55' title='bbox 907 930 1070 995; x_wconf 86' lang='lat' dir='ltr'>habuisse.</span> <span class='ocrx_word' id='word_1_56' title='bbox 1112 951 1174 993; x_wconf 84' lang='lat' dir='ltr'>usu</span> 
     </span>
     <span class='ocr_line' id='line_1_9' title="bbox 174 1018 1173 1106; baseline -0.002 -22"><span class='ocrx_word' id='word_1_57' title='bbox 174 1019 350 1084; x_wconf 88' lang='lat' dir='ltr'>secundum</span> <span class='ocrx_word' id='word_1_58' title='bbox 373 1021 585 1106; x_wconf 73' lang='lat' dir='ltr'>epistularum</span> <span class='ocrx_word' id='word_1_59' title='bbox 608 1022 739 1084; x_wconf 82' lang='lat' dir='ltr'>coactus</span> <span class='ocrx_word' id='word_1_60' title='bbox 762 1018 889 1083; x_wconf 85' lang='lat' dir='ltr'>adiecit.</span> <span class='ocrx_word' id='word_1_61' title='bbox 970 1020 992 1083; x_wconf 73' lang='lat'><strong>2</strong></span> <span class='ocrx_word' id='word_1_62' title='bbox 1031 1019 1173 1083; x_wconf 85' lang='lat' dir='ltr'>scilicet.</span> 
     </span>
     <span class='ocr_line' id='line_1_10' title="bbox 133 1103 1174 1195; baseline -0.004 -22"><span class='ocrx_word' id='word_1_63' title='bbox 133 1126 160 1166; x_wconf 84' lang='lat'>1⁰</span> <span class='ocrx_word' id='word_1_64' title='bbox 174 1106 211 1173; x_wconf 77' lang='grc' dir='ltr'>ἐν</span> <span class='ocrx_word' id='word_1_65' title='bbox 233 1103 419 1194; x_wconf 79' lang='grc' dir='ltr'><strong><em>ὑποκρίσει,</em></strong></span> <span class='ocrx_word' id='word_1_66' title='bbox 442 1109 535 1193; x_wconf 88' lang='lat' dir='ltr'>quasi</span> <span class='ocrx_word' id='word_1_67' title='bbox 557 1129 696 1195; x_wconf 79' lang='lat' dir='ltr'>maguae</span> <span class='ocrx_word' id='word_1_68' title='bbox 717 1107 912 1172; x_wconf 85' lang='lat' dir='ltr'>temeritatis</span> <span class='ocrx_word' id='word_1_69' title='bbox 936 1107 979 1172; x_wconf 86' lang='lat' dir='ltr'>sit</span> <span class='ocrx_word' id='word_1_70' title='bbox 996 1107 1061 1173; x_wconf 90' lang='lat' dir='ltr'>hoc</span> <span class='ocrx_word' id='word_1_71' title='bbox 1073 1107 1174 1170; x_wconf 88' lang='lat' dir='ltr'>librum</span> 
     </span>
     <span class='ocr_line' id='line_1_11' title="bbox 173 1196 1174 1282; baseline -0.001 -21"><span class='ocrx_word' id='word_1_72' title='bbox 173 1198 325 1262; x_wconf 88' lang='lat' dir='ltr'>uoluisse.</span> <span class='ocrx_word' id='word_1_73' title='bbox 393 1198 414 1263; x_wconf 81' lang='lat'><strong>2</strong></span> <span class='ocrx_word' id='word_1_74' title='bbox 437 1201 605 1282; x_wconf 86' lang='lat' dir='ltr'>prostes:</span> <span class='ocrx_word' id='word_1_75' title='bbox 627 1197 822 1282; x_wconf 88' lang='lat' dir='ltr'>proponaris</span> <span class='ocrx_word' id='word_1_76' title='bbox 845 1196 1035 1281; x_wconf 88' lang='lat' dir='ltr'>ueuallsque</span> <span class='ocrx_word' id='word_1_77' title='bbox 1059 1196 1110 1261; x_wconf 90' lang='lat' dir='ltr'>sis.</span> <span class='ocrx_word' id='word_1_78' title='bbox 1159 1197 1174 1259; x_wconf 73' lang='lat'><strong>2</strong></span> 
     </span>
     <span class='ocr_line' id='line_1_12' title="bbox 174 1283 1172 1371; baseline -0.003 -20"><span class='ocrx_word' id='word_1_79' title='bbox 174 1283 373 1352; x_wconf 82' lang='lat' dir='ltr'>Sosiorum</span> <span class='ocrx_word' id='word_1_80' title='bbox 408 1288 572 1371; x_wconf 82' lang='lat' dir='ltr'>pumice.</span> <span class='ocrx_word' id='word_1_81' title='bbox 596 1286 767 1351; x_wconf 88' lang='lat' dir='ltr'>mundus.</span> <span class='ocrx_word' id='word_1_82' title='bbox 828 1283 915 1350; x_wconf 79' lang='lat' dir='ltr'>Sosii</span> <span class='ocrx_word' id='word_1_83' title='bbox 949 1286 1008 1350; x_wconf 94' lang='lat' dir='ltr'>illo</span> <span class='ocrx_word' id='word_1_84' title='bbox 1046 1289 1172 1368; x_wconf 88' lang='lat' dir='ltr'>tempore</span> 
     </span>
     <span class='ocr_line' id='line_1_13' title="bbox 173 1373 1174 1461; baseline -0.004 -21"><span class='ocrx_word' id='word_1_85' title='bbox 173 1375 291 1442; x_wconf 85' lang='lat' dir='ltr'>fratres</span> <span class='ocrx_word' id='word_1_86' title='bbox 307 1381 401 1441; x_wconf 87' lang='lat' dir='ltr'>erant</span> <span class='ocrx_word' id='word_1_87' title='bbox 413 1376 610 1461; x_wconf 83' lang='lat' dir='ltr'>bibliopolae</span> <span class='ocrx_word' id='word_1_88' title='bbox 624 1375 834 1440; x_wconf 86' lang='lat' dir='ltr'>celeberrimi.</span> <span class='ocrx_word' id='word_1_89' title='bbox 879 1375 901 1438; x_wconf 84' lang='lat'><strong>3</strong></span> <span class='ocrx_word' id='word_1_90' title='bbox 916 1373 1039 1438; x_wconf 85' lang='lat' dir='ltr'>odisti</span> <span class='ocrx_word' id='word_1_91' title='bbox 1053 1374 1174 1439; x_wconf 88' lang='lat' dir='ltr'>claues.</span> 
     </span>
     <span class='ocr_line' id='line_1_14' title="bbox 176 1462 1175 1549; baseline -0.007 -19"><span class='ocrx_word' id='word_1_92' title='bbox 176 1466 274 1530; x_wconf 88' lang='lat' dir='ltr'>odisti</span> <span class='ocrx_word' id='word_1_93' title='bbox 296 1466 420 1531; x_wconf 88' lang='lat' dir='ltr'>includi</span> <span class='ocrx_word' id='word_1_94' title='bbox 442 1469 475 1529; x_wconf 87' lang='lat' dir='ltr'>et</span> <span class='ocrx_word' id='word_1_95' title='bbox 498 1466 558 1530; x_wconf 90' lang='lat' dir='ltr'>sub</span> <span class='ocrx_word' id='word_1_96' title='bbox 582 1463 689 1549; x_wconf 82' lang='lat' dir='ltr'>sigillo</span> <span class='ocrx_word' id='word_1_97' title='bbox 713 1485 792 1549; x_wconf 82' lang='lat' dir='ltr'>esse,</span> <span class='ocrx_word' id='word_1_98' title='bbox 814 1462 900 1548; x_wconf 89' lang='lat' dir='ltr'>quod</span> <span class='ocrx_word' id='word_1_99' title='bbox 919 1462 1057 1548; x_wconf 89' lang='lat' dir='ltr'>pudicis,</span> <span class='ocrx_word' id='word_1_100' title='bbox 1079 1463 1175 1546; x_wconf 81' lang='lat' dir='ltr'>inquit,</span> 
     </span>
     <span class='ocr_line' id='line_1_15' title="bbox 135 1551 1175 1638; baseline -0.007 -17"><span class='ocrx_word' id='word_1_101' title='bbox 135 1571 162 1612; x_wconf 84' lang='lat'>1⁵</span> <span class='ocrx_word' id='word_1_102' title='bbox 176 1559 306 1638; x_wconf 83' lang='lat' dir='ltr'>gratum</span> <span class='ocrx_word' id='word_1_103' title='bbox 328 1577 399 1620; x_wconf 84' lang='lat' dir='ltr'>esse</span> <span class='ocrx_word' id='word_1_104' title='bbox 422 1554 600 1619; x_wconf 85' lang='lat' dir='ltr'>consueuit.</span> <span class='ocrx_word' id='word_1_105' title='bbox 667 1554 691 1617; x_wconf 91' lang='lat'>4</span> <span class='ocrx_word' id='word_1_106' title='bbox 719 1553 855 1636; x_wconf 83' lang='lat' dir='ltr'>paucis</span> <span class='ocrx_word' id='word_1_107' title='bbox 880 1551 1038 1616; x_wconf 88' lang='lat' dir='ltr'>ostendi</span> <span class='ocrx_word' id='word_1_108' title='bbox 1060 1551 1175 1637; x_wconf 84' lang='lat' dir='ltr'>gemis:</span> 
     </span>
     <span class='ocr_line' id='line_1_16' title="bbox 175 1640 1175 1727; baseline -0.006 -20"><span class='ocrx_word' id='word_1_109' title='bbox 175 1644 280 1727; x_wconf 83' lang='lat' dir='ltr'>doles,</span> <span class='ocrx_word' id='word_1_110' title='bbox 311 1643 432 1727; x_wconf 88' lang='lat' dir='ltr'>iuquit,</span> <span class='ocrx_word' id='word_1_111' title='bbox 455 1643 541 1726; x_wconf 90' lang='lat' dir='ltr'>quod</span> <span class='ocrx_word' id='word_1_112' title='bbox 563 1642 676 1726; x_wconf 86' lang='lat' dir='ltr'>paucis</span> <span class='ocrx_word' id='word_1_113' title='bbox 699 1642 840 1706; x_wconf 85' lang='lat' dir='ltr'>recitem.</span> <span class='ocrx_word' id='word_1_114' title='bbox 908 1641 932 1704; x_wconf 90' lang='grc'>4</span> <span class='ocrx_word' id='word_1_115' title='bbox 962 1640 1175 1706; x_wconf 85' lang='lat' dir='ltr'>communia:</span> 
     </span>
     <span class='ocr_line' id='line_1_17' title="bbox 175 1728 1175 1815; baseline -0.004 -21"><span class='ocrx_word' id='word_1_116' title='bbox 175 1735 354 1796; x_wconf 86' lang='lat' dir='ltr'>conuentus</span> <span class='ocrx_word' id='word_1_117' title='bbox 377 1731 534 1815; x_wconf 84' lang='lat' dir='ltr'>publicos.</span> <span class='ocrx_word' id='word_1_118' title='bbox 616 1731 635 1793; x_wconf 77' lang='lat'>7</span> <span class='ocrx_word' id='word_1_119' title='bbox 661 1734 698 1794; x_wconf 88' lang='lat' dir='ltr'>ot</span> <span class='ocrx_word' id='word_1_120' title='bbox 730 1731 805 1794; x_wconf 87' lang='lat' dir='ltr'>sois</span> <span class='ocrx_word' id='word_1_121' title='bbox 832 1731 873 1793; x_wconf 89' lang='lat' dir='ltr'>in</span> <span class='ocrx_word' id='word_1_122' title='bbox 895 1730 1011 1794; x_wconf 89' lang='lat' dir='ltr'>breue</span> <span class='ocrx_word' id='word_1_123' title='bbox 1035 1733 1074 1794; x_wconf 88' lang='lat' dir='ltr'>te</span> <span class='ocrx_word' id='word_1_124' title='bbox 1095 1728 1175 1813; x_wconf 83' lang='lat' dir='ltr'>cogi.</span> 
     </span>
     <span class='ocr_line' id='line_1_18' title="bbox 173 1818 1175 1902; baseline -0.004 -18"><span class='ocrx_word' id='word_1_125' title='bbox 173 1820 238 1884; x_wconf 86' lang='lat' dir='ltr'>boc</span> <span class='ocrx_word' id='word_1_126' title='bbox 261 1823 323 1884; x_wconf 88' lang='lat' dir='ltr'>est:</span> <span class='ocrx_word' id='word_1_127' title='bbox 360 1841 419 1885; x_wconf 87' lang='lat' dir='ltr'>uec</span> <span class='ocrx_word' id='word_1_128' title='bbox 446 1822 553 1884; x_wconf 85' lang='lat' dir='ltr'>totum</span> <span class='ocrx_word' id='word_1_129' title='bbox 575 1839 635 1884; x_wconf 88' lang='lat' dir='ltr'>nec</span> <span class='ocrx_word' id='word_1_130' title='bbox 657 1840 715 1902; x_wconf 88' lang='lat' dir='ltr'>per</span> <span class='ocrx_word' id='word_1_131' title='bbox 737 1819 884 1883; x_wconf 85' lang='lat' dir='ltr'>ordinem</span> <span class='ocrx_word' id='word_1_132' title='bbox 907 1818 1040 1882; x_wconf 82' lang='lat' dir='ltr'>recitari</span> <span class='ocrx_word' id='word_1_133' title='bbox 1061 1818 1175 1882; x_wconf 83' lang='lat' dir='ltr'>fastidio</span> 
     </span>
     <span class='ocr_line' id='line_1_19' title="bbox 175 1907 1175 1992; baseline -0.005 -19"><span class='ocrx_word' id='word_1_134' title='bbox 175 1913 253 1992; x_wconf 87' lang='lat' dir='ltr'>post</span> <span class='ocrx_word' id='word_1_135' title='bbox 270 1931 390 1974; x_wconf 87' lang='lat' dir='ltr'>cenam.</span> <span class='ocrx_word' id='word_1_136' title='bbox 450 1909 470 1973; x_wconf 90' lang='lat'>9</span> <span class='ocrx_word' id='word_1_137' title='bbox 494 1907 632 1992; x_wconf 90' lang='lat' dir='ltr'>quodsi</span> <span class='ocrx_word' id='word_1_138' title='bbox 654 1929 731 1972; x_wconf 88' lang='lat' dir='ltr'>non</span> <span class='ocrx_word' id='word_1_139' title='bbox 754 1908 843 1972; x_wconf 94' lang='lat' dir='ltr'>odio</span> <span class='ocrx_word' id='word_1_140' title='bbox 865 1911 1038 1991; x_wconf 86' lang='lat' dir='ltr'>peccant.</span> <span class='ocrx_word' id='word_1_141' title='bbox 1066 1929 1175 1972; x_wconf 88' lang='lat' dir='ltr'>sensus:</span> 
     </span>
     <span class='ocr_line' id='line_1_20' title="bbox 136 1996 1175 2083; baseline -0.003 -22"><span class='ocrx_word' id='word_1_142' title='bbox 136 2017 163 2057; x_wconf 76' lang='lat'>20</span> <span class='ocrx_word' id='word_1_143' title='bbox 177 1998 293 2082; x_wconf 89' lang='lat' dir='ltr'>quodsi</span> <span class='ocrx_word' id='word_1_144' title='bbox 315 2019 385 2083; x_wconf 83' lang='lat' dir='ltr'>ego,</span> <span class='ocrx_word' id='word_1_145' title='bbox 408 1999 462 2079; x_wconf 77' lang='lat' dir='ltr'>qai</span> <span class='ocrx_word' id='word_1_146' title='bbox 484 1998 577 2082; x_wconf 85' lang='lat' dir='ltr'>quasi</span> <span class='ocrx_word' id='word_1_147' title='bbox 599 2015 703 2081; x_wconf 79' lang='lat' dir='ltr'>augur</span> <span class='ocrx_word' id='word_1_148' title='bbox 724 1997 787 2060; x_wconf 89' lang='lat' dir='ltr'>tibi</span> <span class='ocrx_word' id='word_1_149' title='bbox 808 2018 895 2060; x_wconf 86' lang='lat' dir='ltr'>nuno</span> <span class='ocrx_word' id='word_1_150' title='bbox 917 1997 1068 2080; x_wconf 75' lang='lat' dir='ltr'>peccanti</span> <span class='ocrx_word' id='word_1_151' title='bbox 1084 1996 1175 2060; x_wconf 79' lang='lat' dir='ltr'>futura</span> 
     </span>
     <span class='ocr_line' id='line_1_21' title="bbox 175 2083 1175 2170; baseline -0.002 -21"><span class='ocrx_word' id='word_1_152' title='bbox 175 2087 335 2170; x_wconf 81' lang='lat' dir='ltr'>praedico⁷</span> <span class='ocrx_word' id='word_1_153' title='bbox 365 2108 434 2152; x_wconf 93' lang='lat' dir='ltr'>non</span> <span class='ocrx_word' id='word_1_154' title='bbox 457 2087 531 2152; x_wconf 91' lang='lat' dir='ltr'>odio</span> <span class='ocrx_word' id='word_1_155' title='bbox 553 2087 603 2150; x_wconf 90' lang='lat' dir='ltr'>tui</span> <span class='ocrx_word' id='word_1_156' title='bbox 625 2086 751 2169; x_wconf 86' lang='lat' dir='ltr'>loquor,</span> <span class='ocrx_word' id='word_1_157' title='bbox 783 2088 852 2149; x_wconf 85' lang='lat' dir='ltr'>tam</span> <span class='ocrx_word' id='word_1_158' title='bbox 875 2085 930 2148; x_wconf 90' lang='lat' dir='ltr'>diu</span> <span class='ocrx_word' id='word_1_159' title='bbox 953 2083 1078 2149; x_wconf 88' lang='lat' dir='ltr'>Romae</span> <span class='ocrx_word' id='word_1_160' title='bbox 1100 2105 1175 2148; x_wconf 79' lang='lat' dir='ltr'>carus</span> 
     </span>
     <span class='ocr_line' id='line_1_22' title="bbox 176 2172 1175 2259; baseline -0.005 -21"><span class='ocrx_word' id='word_1_161' title='bbox 176 2175 253 2259; x_wconf 84' lang='lat' dir='ltr'>eris,</span> <span class='ocrx_word' id='word_1_162' title='bbox 286 2197 383 2258; x_wconf 89' lang='lat' dir='ltr'>quam</span> <span class='ocrx_word' id='word_1_163' title='bbox 416 2176 471 2241; x_wconf 91' lang='lat' dir='ltr'>diu</span> <span class='ocrx_word' id='word_1_164' title='bbox 500 2174 670 2240; x_wconf 75' lang='lat' dir='ltr'>retinueris</span> <span class='ocrx_word' id='word_1_165' title='bbox 700 2172 975 2257; x_wconf 87' lang='lat' dir='ltr'>pulchritudinem</span> <span class='ocrx_word' id='word_1_166' title='bbox 1005 2174 1085 2239; x_wconf 89' lang='lat' dir='ltr'>noui</span> <span class='ocrx_word' id='word_1_167' title='bbox 1106 2172 1175 2252; x_wconf 87' lang='lat' dir='ltr'>libri,</span> 
     </span>
     <span class='ocr_line' id='line_1_23' title="bbox 176 2261 1175 2348; baseline -0.001 -23"><span class='ocrx_word' id='word_1_168' title='bbox 176 2265 321 2346; x_wconf 85' lang='lat' dir='ltr'>tempore</span> <span class='ocrx_word' id='word_1_169' title='bbox 352 2285 430 2328; x_wconf 90' lang='lat' dir='ltr'>uero</span> <span class='ocrx_word' id='word_1_170' title='bbox 453 2266 482 2328; x_wconf 77' lang='lat' dir='ltr'>si</span> <span class='ocrx_word' id='word_1_171' title='bbox 505 2263 665 2330; x_wconf 87' lang='lat' dir='ltr'>sordidior</span> <span class='ocrx_word' id='word_1_172' title='bbox 687 2262 791 2327; x_wconf 87' lang='lat' dir='ltr'>factus</span> <span class='ocrx_word' id='word_1_173' title='bbox 814 2263 929 2348; x_wconf 85' lang='lat' dir='ltr'>fueris,</span> <span class='ocrx_word' id='word_1_174' title='bbox 960 2284 1058 2327; x_wconf 86' lang='lat' dir='ltr'>nemo</span> <span class='ocrx_word' id='word_1_175' title='bbox 1080 2267 1111 2326; x_wconf 89' lang='lat' dir='ltr'>te</span> <span class='ocrx_word' id='word_1_176' title='bbox 1131 2261 1175 2324; x_wconf 90' lang='lat' dir='ltr'>ho-</span> 
     </span>
     <span class='ocr_line' id='line_1_24' title="bbox 176 2351 1177 2436; baseline -0.003 -21"><span class='ocrx_word' id='word_1_177' title='bbox 176 2352 309 2416; x_wconf 90' lang='lat' dir='ltr'>norabit</span> <span class='ocrx_word' id='word_1_178' title='bbox 331 2354 428 2435; x_wconf 83' lang='lat' dir='ltr'>atque</span> <span class='ocrx_word' id='word_1_179' title='bbox 452 2351 623 2436; x_wconf 86' lang='lat' dir='ltr'>describet,</span> <span class='ocrx_word' id='word_1_180' title='bbox 647 2351 703 2416; x_wconf 84' lang='lat' dir='ltr'>sed</span> <span class='ocrx_word' id='word_1_181' title='bbox 726 2354 783 2415; x_wconf 84' lang='lat' dir='ltr'>aut</span> <span class='ocrx_word' id='word_1_182' title='bbox 805 2352 891 2416; x_wconf 86' lang='lat' dir='ltr'>carie</span> <span class='ocrx_word' id='word_1_183' title='bbox 913 2351 1111 2417; x_wconf 86' lang='lat' dir='ltr'>consumeris</span> <span class='ocrx_word' id='word_1_184' title='bbox 1132 2353 1177 2414; x_wconf 85' lang='lat' dir='ltr'>aut</span> 
     </span>
     <span class='ocr_line' id='line_1_25' title="bbox 137 2440 1176 2526; baseline -0.002 -24"><span class='ocrx_word' id='word_1_185' title='bbox 137 2463 163 2502; x_wconf 76' lang='lat'>25</span> <span class='ocrx_word' id='word_1_186' title='bbox 176 2441 256 2505; x_wconf 87' lang='lat' dir='ltr'>fient</span> <span class='ocrx_word' id='word_1_187' title='bbox 278 2461 317 2504; x_wconf 88' lang='lat' dir='ltr'>ex</span> <span class='ocrx_word' id='word_1_188' title='bbox 339 2444 371 2504; x_wconf 87' lang='lat' dir='ltr'>te</span> <span class='ocrx_word' id='word_1_189' title='bbox 395 2441 646 2526; x_wconf 84' lang='lat' dir='ltr'>opistographae</span> <span class='ocrx_word' id='word_1_190' title='bbox 670 2440 836 2524; x_wconf 77' lang='lat' dir='ltr'>epistulae.</span> <span class='ocrx_word' id='word_1_191' title='bbox 906 2441 947 2506; x_wconf 85' lang='lat'>13</span> <span class='ocrx_word' id='word_1_192' title='bbox 976 2445 1043 2506; x_wconf 88' lang='lat' dir='ltr'>aut</span> <span class='ocrx_word' id='word_1_193' title='bbox 1064 2440 1176 2526; x_wconf 80' lang='lat' dir='ltr'>fugies</span> 
     </span>
     <span class='ocr_line' id='line_1_26' title="bbox 177 2527 1175 2615; baseline -0.005 -20"><span class='ocrx_word' id='word_1_194' title='bbox 177 2529 338 2595; x_wconf 84' lang='lat' dir='ltr'>Uticam.</span> <span class='ocrx_word' id='word_1_195' title='bbox 383 2529 549 2596; x_wconf 84' lang='lat' dir='ltr'>Uticam:</span> <span class='ocrx_word' id='word_1_196' title='bbox 586 2529 683 2594; x_wconf 84' lang='lat' dir='ltr'>Utica</span> <span class='ocrx_word' id='word_1_197' title='bbox 706 2527 853 2614; x_wconf 81' lang='lat' dir='ltr'>Africae,</span> <span class='ocrx_word' id='word_1_198' title='bbox 881 2529 989 2595; x_wconf 89' lang='lat' dir='ltr'>llerda</span> <span class='ocrx_word' id='word_1_199' title='bbox 1010 2528 1175 2615; x_wconf 83' lang='lat' dir='ltr'>Hispaniae</span> 
     </span>
     <span class='ocr_line' id='line_1_27' title="bbox 177 2618 1173 2704; baseline -0.005 -20"><span class='ocrx_word' id='word_1_200' title='bbox 177 2624 227 2684; x_wconf 87' lang='lat' dir='ltr'>est</span> <span class='ocrx_word' id='word_1_201' title='bbox 249 2620 374 2686; x_wconf 85' lang='lat' dir='ltr'>ciuitas.</span> <span class='ocrx_word' id='word_1_202' title='bbox 419 2641 456 2684; x_wconf 88' lang='lat' dir='ltr'>ac</span> <span class='ocrx_word' id='word_1_203' title='bbox 478 2641 537 2704; x_wconf 92' lang='lat' dir='ltr'>per</span> <span class='ocrx_word' id='word_1_204' title='bbox 559 2619 620 2684; x_wconf 90' lang='lat' dir='ltr'>hoc</span> <span class='ocrx_word' id='word_1_205' title='bbox 643 2621 664 2699; x_wconf 83' lang='lat'><strong>†</strong></span> <span class='ocrx_word' id='word_1_206' title='bbox 686 2622 819 2704; x_wconf 84' lang='lat' dir='ltr'>propter</span> <span class='ocrx_word' id='word_1_207' title='bbox 850 2619 930 2683; x_wconf 88' lang='lat' dir='ltr'>haec</span> <span class='ocrx_word' id='word_1_208' title='bbox 961 2619 1117 2683; x_wconf 88' lang='lat' dir='ltr'>bellorum</span> <span class='ocrx_word' id='word_1_209' title='bbox 1141 2618 1173 2680; x_wconf 86' lang='lat' dir='ltr'>ci-</span> 
     </span>
     <span class='ocr_line' id='line_1_28' title="bbox 177 2705 1175 2774; baseline -0.008 0"><span class='ocrx_word' id='word_1_210' title='bbox 177 2709 293 2774; x_wconf 87' lang='lat' dir='ltr'>uilium</span> <span class='ocrx_word' id='word_1_211' title='bbox 317 2708 421 2774; x_wconf 89' lang='lat' dir='ltr'>adhuc</span> <span class='ocrx_word' id='word_1_212' title='bbox 444 2708 512 2774; x_wconf 90' lang='lat' dir='ltr'>illio</span> <span class='ocrx_word' id='word_1_213' title='bbox 527 2709 713 2774; x_wconf 86' lang='lat' dir='ltr'>Romanum</span> <span class='ocrx_word' id='word_1_214' title='bbox 736 2710 912 2774; x_wconf 83' lang='lat' dir='ltr'>exercitum</span> <span class='ocrx_word' id='word_1_215' title='bbox 935 2707 1080 2772; x_wconf 82' lang='lat' dir='ltr'>detineri.</span> <span class='ocrx_word' id='word_1_216' title='bbox 1144 2705 1175 2767; x_wconf 80' lang='grc'>11</span> 
     </span>
     <span class='ocr_line' id='line_1_29' title="bbox 177 2797 1174 2880; baseline -0.007 -17"><span class='ocrx_word' id='word_1_217' title='bbox 177 2799 323 2864; x_wconf 86' lang='lat' dir='ltr'>ridebit</span> <span class='ocrx_word' id='word_1_218' title='bbox 344 2799 513 2863; x_wconf 86' lang='lat' dir='ltr'>monitor</span> <span class='ocrx_word' id='word_1_219' title='bbox 536 2799 570 2864; x_wconf 94' lang='lat' dir='ltr'>id</span> <span class='ocrx_word' id='word_1_220' title='bbox 592 2802 655 2864; x_wconf 86' lang='lat' dir='ltr'>est:</span> <span class='ocrx_word' id='word_1_221' title='bbox 678 2797 799 2862; x_wconf 91' lang='lat' dir='ltr'>ridebo.</span> <span class='ocrx_word' id='word_1_222' title='bbox 870 2798 909 2861; x_wconf 78' lang='lat'>17</span> <span class='ocrx_word' id='word_1_223' title='bbox 940 2797 1012 2862; x_wconf 90' lang='lat' dir='ltr'>hoc</span> <span class='ocrx_word' id='word_1_224' title='bbox 1044 2813 1174 2880; x_wconf 83' lang='lat' dir='ltr'>quoque</span> 
     </span>
     <span class='ocr_line' id='line_1_30' title="bbox 137 2883 1175 2974; baseline -0.006 -23"><span class='ocrx_word' id='word_1_225' title='bbox 137 2911 164 2951; x_wconf 83' lang='lat' dir='ltr'>so</span> <span class='ocrx_word' id='word_1_226' title='bbox 177 2891 213 2954; x_wconf 89' lang='lat' dir='ltr'>tc</span> <span class='ocrx_word' id='word_1_227' title='bbox 236 2891 373 2953; x_wconf 86' lang='lat' dir='ltr'>manet.</span> <span class='ocrx_word' id='word_1_228' title='bbox 420 2889 557 2974; x_wconf 82' lang='lat' dir='ltr'>satyrico</span> <span class='ocrx_word' id='word_1_229' title='bbox 581 2885 700 2970; x_wconf 84' lang='lat' dir='ltr'>omnia,</span> <span class='ocrx_word' id='word_1_230' title='bbox 723 2907 805 2970; x_wconf 88' lang='lat' dir='ltr'>quae</span> <span class='ocrx_word' id='word_1_231' title='bbox 829 2886 1019 2969; x_wconf 84' lang='lat' dir='ltr'>detestatur,</span> <span class='ocrx_word' id='word_1_232' title='bbox 1043 2884 1118 2950; x_wconf 85' lang='lat' dir='ltr'>dicit</span> <span class='ocrx_word' id='word_1_233' title='bbox 1137 2883 1175 2945; x_wconf 84' lang='lat' dir='ltr'>in·</span> 
     </span>
    </p>
   </div>
   <div class='ocr_carea' id='block_1_3' title="bbox 178 3062 1174 3504">
    <p class='ocr_par' dir='ltr' id='par_1_3' title="bbox 178 3062 1174 3504">
     <span class='ocr_line' id='line_1_31' title="bbox 248 3062 440 3132; baseline 0 -16"><span class='ocrx_word' id='word_1_234' title='bbox 248 3062 314 3117; x_wconf 80' lang='lat' dir='ltr'>ru.</span> <span class='ocrx_word' id='word_1_235' title='bbox 334 3069 359 3130; x_wconf 81' lang='lat'>2,</span> <span class='ocrx_word' id='word_1_236' title='bbox 380 3068 440 3132; x_wconf 93' lang='lat'>1,1</span> 
     </span>
     <span class='ocr_line' id='line_1_32' title="bbox 248 3217 1148 3292; baseline -0.012 -12"><span class='ocrx_word' id='word_1_237' title='bbox 248 3217 394 3280; x_wconf 77' lang='lat' dir='ltr'>ouemals</span> <span class='ocrx_word' id='word_1_238' title='bbox 414 3223 453 3276; x_wconf 89' lang='lat' dir='ltr'><em>M</em></span> <span class='ocrx_word' id='word_1_239' title='bbox 523 3228 677 3292; x_wconf 76' lang='lat' dir='ltr'>&#39;lsequcus</span> <span class='ocrx_word' id='word_1_240' title='bbox 697 3222 735 3275; x_wconf 90' lang='lat' dir='ltr'><strong><em>M</em></strong></span> <span class='ocrx_word' id='word_1_241' title='bbox 793 3221 884 3276; x_wconf 87' lang='lat' dir='ltr'>horat·</span> <span class='ocrx_word' id='word_1_242' title='bbox 905 3221 943 3274; x_wconf 90' lang='lat' dir='ltr'><strong><em>M</em></strong></span> <span class='ocrx_word' id='word_1_243' title='bbox 996 3220 1099 3276; x_wconf 82' lang='lat' dir='ltr'>91th</span> <span class='ocrx_word' id='word_1_244' title='bbox 1116 3217 1148 3272; x_wconf 87' lang='lat' dir='ltr'><strong><em>M</em></strong></span> 
     </span>
     <span class='ocr_line' id='line_1_33' title="bbox 179 3291 1174 3363; baseline -0.011 -11"><span class='ocrx_word' id='word_1_245' title='bbox 179 3305 212 3352; x_wconf 91' lang='lat'>10</span> <span class='ocrx_word' id='word_1_246' title='bbox 230 3295 409 3351; x_wconf 77' lang='grc' dir='ltr'>ΥΠΟΧΡΚΕΙ</span> <span class='ocrx_word' id='word_1_247' title='bbox 430 3295 468 3348; x_wconf 87' lang='lat' dir='ltr'><strong><em>M</em></strong></span> <span class='ocrx_word' id='word_1_248' title='bbox 539 3299 571 3348; x_wconf 79' lang='lat'>12</span> <span class='ocrx_word' id='word_1_249' title='bbox 594 3309 697 3363; x_wconf 83' lang='lat' dir='ltr'>punice</span> <span class='ocrx_word' id='word_1_250' title='bbox 717 3292 755 3346; x_wconf 88' lang='lat' dir='ltr'><strong><em>M</em></strong></span> <span class='ocrx_word' id='word_1_251' title='bbox 826 3292 940 3347; x_wconf 86' lang='lat' dir='ltr'>sos1M</span> <span class='ocrx_word' id='word_1_252' title='bbox 1011 3299 1043 3347; x_wconf 82' lang='lat'>19</span> <span class='ocrx_word' id='word_1_253' title='bbox 1065 3291 1125 3362; x_wconf 83' lang='lat' dir='ltr'>post</span> <span class='ocrx_word' id='word_1_254' title='bbox 1140 3303 1174 3342; x_wconf 85' lang='lat' dir='ltr'>ce·</span> 
     </span>
     <span class='ocr_line' id='line_1_34' title="bbox 178 3362 1173 3504; baseline -0.009 -16"><span class='ocrx_word' id='word_1_255' title='bbox 178 3382 245 3488; x_wconf 70' lang='lat' dir='ltr'>llm</span> <span class='ocrx_word' id='word_1_256' title='bbox 263 3365 599 3504; x_wconf 50' lang='lat' dir='ltr'>”llrllffilledlslss</span> <span class='ocrx_word' id='word_1_257' title='bbox 646 3370 761 3489; x_wconf 50' lang='lat' dir='ltr'>tal?</span> <span class='ocrx_word' id='word_1_258' title='bbox 781 3362 931 3490; x_wconf 50' lang='lat' dir='ltr'>ldis-Um</span> <span class='ocrx_word' id='word_1_259' title='bbox 947 3375 1173 3490; x_wconf 58' lang='lat' dir='ltr'>Matala}</span> 
     </span>
    </p>
   </div>
   <div class='ocr_carea' id='block_1_4' title="bbox 178 3504 1173 3576">
    <p class='ocr_par' dir='ltr' id='par_1_4' title="bbox 178 3504 1173 3576">
     <span class='ocr_line' id='line_1_35' title="bbox 178 3504 1173 3576; baseline 0.004 -21"><span class='ocrx_word' id='word_1_260' title='bbox 178 3505 290 3557; x_wconf 85' lang='lat' dir='ltr'>ornau1t</span> <span class='ocrx_word' id='word_1_261' title='bbox 309 3505 348 3557; x_wconf 92' lang='lat' dir='ltr'><strong><em>M</em></strong></span> <span class='ocrx_word' id='word_1_262' title='bbox 365 3505 514 3572; x_wconf 67' lang='lat' dir='ltr'>ornabitg</span> <span class='ocrx_word' id='word_1_263' title='bbox 586 3509 621 3559; x_wconf 77' lang='lat'>24</span> <span class='ocrx_word' id='word_1_264' title='bbox 638 3504 773 3560; x_wconf 86' lang='lat' dir='ltr'>descnbrt</span> <span class='ocrx_word' id='word_1_265' title='bbox 792 3505 831 3559; x_wconf 95' lang='lat' dir='ltr'><strong><em>M</em></strong></span> <span class='ocrx_word' id='word_1_266' title='bbox 900 3505 987 3561; x_wconf 87' lang='lat' dir='ltr'>carie:</span> <span class='ocrx_word' id='word_1_267' title='bbox 1007 3506 1098 3576; x_wconf 71' lang='lat' dir='ltr'>charte</span> <span class='ocrx_word' id='word_1_268' title='bbox 1146 3505 1173 3554; x_wconf 71' lang='lat'>‘26</span> 
     </span>
    </p>
   </div>
   <div class='ocr_carea' id='block_1_5' title="bbox 177 3570 1174 3710">
    <p class='ocr_par' dir='ltr' id='par_1_5' title="bbox 177 3570 1174 3710">
     <span class='ocr_line' id='line_1_36' title="bbox 177 3570 1174 3646; baseline -0.001 -21"><span class='ocrx_word' id='word_1_269' title='bbox 177 3570 289 3625; x_wconf 79' lang='lat' dir='ltr'>hilerda</span> <span class='ocrx_word' id='word_1_270' title='bbox 308 3573 346 3624; x_wconf 91' lang='lat' dir='ltr'><strong><em>M</em></strong></span> <span class='ocrx_word' id='word_1_271' title='bbox 416 3580 450 3627; x_wconf 74' lang='lat'>27</span> <span class='ocrx_word' id='word_1_272' title='bbox 478 3591 529 3643; x_wconf 85' lang='lat' dir='ltr'>per</span> <span class='ocrx_word' id='word_1_273' title='bbox 546 3576 600 3629; x_wconf 90' lang='lat' dir='ltr'>hoc</span> <span class='ocrx_word' id='word_1_274' title='bbox 619 3575 661 3629; x_wconf 89' lang='lat' dir='ltr'>ait</span> <span class='ocrx_word' id='word_1_275' title='bbox 678 3577 794 3646; x_wconf 83' lang='lat' dir='ltr'>propter</span> <span class='ocrx_word' id='word_1_276' title='bbox 816 3578 924 3631; x_wconf 83' lang='lat' dir='ltr'>metum</span> <span class='ocrx_word' id='word_1_277' title='bbox 941 3592 991 3632; x_wconf 77' lang='lat' dir='ltr'>rios</span> <span class='ocrx_word' id='word_1_278' title='bbox 1061 3581 1093 3630; x_wconf 83' lang='lat'>30</span> <span class='ocrx_word' id='word_1_279' title='bbox 1118 3575 1174 3627; x_wconf 78' lang='lat' dir='ltr'>sati·</span> 
     </span>
     <span class='ocr_line' id='line_1_37' title="bbox 178 3641 988 3710; baseline 0.009 -18"><span class='ocrx_word' id='word_1_280' title='bbox 178 3654 235 3692; x_wconf 84' lang='lat' dir='ltr'>moe</span> <span class='ocrx_word' id='word_1_281' title='bbox 256 3641 294 3690; x_wconf 94' lang='lat' dir='ltr'><strong><em>M</em></strong></span> <span class='ocrx_word' id='word_1_282' title='bbox 366 3643 463 3710; x_wconf 77' lang='lat' dir='ltr'>dicrtq;</span> <span class='ocrx_word' id='word_1_283' title='bbox 485 3645 525 3697; x_wconf 94' lang='lat' dir='ltr'><strong><em>M</em></strong></span> <span class='ocrx_word' id='word_1_284' title='bbox 983 3692 988 3699; x_wconf 96' lang='lat'>.</span> 
     </span>
    </p>
   </div>
   <div class='ocr_carea' id='block_1_6' title="bbox 0 0 1218 3924">
    <p class='ocr_par' dir='ltr' id='par_1_6' title="bbox 0 0 1218 3924">
     <span class='ocr_line' id='line_1_38' title="bbox 0 0 1218 3924; baseline 0 0"><span class='ocrx_word' id='word_1_285' title='bbox 0 0 1218 3924; x_wconf 95' lang='lat' dir='ltr'> </span> 
     </span>
    </p>
   </div>
  </div>
 </body>
</html>
