2416 3934
413 149 484 206 ODE
504 151 540 218 ΙΙ,
560 157 574 206 7
594 153 623 205 et
642 157 667 206 8.
993 152 1036 217 57

46 315 116 399 apio
142 336 200 398 pro
226 311 323 378 uiridi
345 315 399 378 uel
421 313 508 398 quod
530 315 565 378 in
588 335 673 398 aqua
695 318 856 380 nascatur.
902 315 1037 399 depro-

45 425 158 489 perare
181 407 289 468 autem
311 403 404 468 ualde
427 424 600 487 properare
624 403 794 490 significat.
862 402 905 468 25
929 425 1038 488 quem
1087 477 1093 488 ¹

45 493 153 558 Uenus
177 492 386 558 arbritrum
413 491 442 556 d.
466 492 496 556 b.
541 492 747 576 archiposian
770 491 967 578 [archiposia
989 498 1039 558 est

44 581 189 646 inchoatio
221 579 365 662 bibendi]
393 582 429 646 in
457 581 607 646 conuiuio
635 582 777 648 talorum
809 582 896 646 iactu
929 583 1039 647 sortiri

44 672 181 736 solebant.
240 669 399 736 Uenerius
430 675 538 735 autem
569 671 672 735 iactus
702 671 737 736 in
768 671 844 735 talis
878 685 1067 735 summum5

43 783 194 824 numemm
221 759 335 844 habet,
361 759 395 824 id
422 763 485 844 est,
511 759 727 824 tricenarium.
796 759 839 824 26
862 781 939 824 non
970 781 1038 844 ego

44 851 157 914 sanius
187 847 408 913 bacchabor
435 845 589 913 Edonis,
644 847 764 913 Edonii
786 847 926 914 Thraces
955 852 1040 932 sunt,

43 961 107 1022 qnos
133 939 217 1004 solet
245 938 384 1002 ebrietas
412 938 584 1002 ferociores
606 937 747 1002 reddere.
815 937 856 1002 27
880 941 1040 1020 recepto

44 1028 133 1092 dulce
156 1027 251 1092 mihi
274 1026 403 1091 furere
427 1030 486 1092 est
509 1026 639 1091 amico.
676 1026 898 1111 accipiendum
921 1026 1040 1090 extrin-

45 1139 118 1180 secus
145 1115 278 1201 ‘etiam',
307 1119 345 1180 ut
372 1115 428 1181 sit:
452 1116 550 1180 etiam
572 1116 679 1180 furere
703 1115 794 1180 dulce
817 1115 898 1180 mihi
921 1119 970 1179 est
992 1137 1040 1178 re·
1055 1131 1083 1172 10

44 1209 118 1290 cepto
141 1205 256 1270 amice.

455 1289 528 1346 ons
548 1298 572 1361 o,
593 1297 617 1347 s.

113 1397 204 1465 Ulla
227 1401 259 1466 si
282 1394 380 1467 iuris
403 1401 478 1466 tibi
500 1401 689 1485 perierati
711 1423 742 1484 p.
764 1397 802 1463 Β.
858 1399 1041 1464 scaenicum

43 1491 229 1575 principium.
297 1488 551 1576 intellegendum
592 1490 678 1555 enim
714 1485 841 1574 sliquos
878 1509 1041 1554 sermones

43 1579 253 1663 praecessisse,
286 1580 402 1666 quibus
429 1579 548 1644 Barine
580 1580 661 1644 haec
687 1580 818 1644 noctem
846 1579 895 1642 sui
924 1577 1084 1643 iureis-1⁵

43 1667 126 1732 raudo
140 1669 336 1752 interposito
349 1667 583 1754 repromiserit3
608 1668 682 1733 dein
695 1669 869 1753 postquam
882 1666 1043 1750 fefellerit,

43 1768 97 1820 tum
117 1757 153 1821 in
175 1757 258 1822 haec
271 1758 372 1822 uerba
385 1758 471 1823 hune
486 1758 638 1842 erupisse,
693 1757 713 1821 3
736 1756 851 1820 dente
874 1755 906 1820 si
929 1756 1042 1841 nigro

43 1845 141 1910 lieres
172 1847 244 1910 uel.
304 1846 561 1912 subaudiendum
593 1846 792 1910 extrinsecus
825 1843 975 1926 ‘saltem',
1006 1847 1044 1908 ut

42 1936 84 1998 sih:
106 1935 133 1999 si
155 1936 209 1999 uel
232 1936 430 2000 lenissimam
452 1957 591 2020 poenam
615 1934 779 2018 obprobrii
803 1934 967 1998 sensisses.

42 2023 140 2088 ised
163 2017 207 2088 tin
231 2024 345 2089 simul
369 2025 570 2110 obligasti:
594 2045 631 2088 ao
654 2022 794 2107 periurio
817 2026 850 2086 he
875 2021 1086 2086 deuouisse

116 2113 136 2177 6
174 2114 363 2178 enitescis
399 2114 602 2198 pulchrior
637 2112 767 2178 multo.
827 2110 907 2174 adeo
939 2109 1042 2176 multo

43 2201 193 2281 pulchrior
221 2224 255 2267 es
277 2205 355 2287 post
377 2203 531 2286 periuria,
558 2206 597 2266 ut
617 2201 751 2265 iuuenes
774 2203 807 2264 te
830 2199 974 2264 uniuersi
997 2198 1043 2262 di-

44 2289 139 2374 ligant.
200 2311 278 2377 ergo
306 2293 487 2358 iuuenum
514 2291 670 2375 publica
692 2311 752 2373 pro
777 2288 933 2354 ‘omnium
955 2288 1044 2352 iuue-

43 2379 116 2443 num'
132 2381 328 2465 dictumest,
351 2383 388 2446 ut
403 2385 453 2446 est
466 2381 552 2464 apud
577 2378 821 2445 Sallustium:
844 2377 1045 2442 Publieam

45 2468 257 2534 miserorum
280 2490 442 2535 causam.
529 2471 549 2533 9
573 2467 729 2552 expedit
751 2467 888 2532 matris
916 2487 941 2530 c.
971 2487 999 2530 o.
1021 2465 1044 2528 f.
1059 2482 1086 2523 cs

47 2577 142 2622 sennis
171 2561 235 2623 est:
265 2579 338 2623 cum
364 2559 444 2623 haec
471 2557 612 2642 uideam,
643 2578 744 2641 prope
773 2560 835 2639 est,
866 2559 903 2619 ut
934 2558 1045 2638 putem

46 2645 189 2712 cntionem
222 2647 354 2730 pietatis
386 2670 424 2712 ac
455 2648 650 2733 religionum
681 2647 716 2710 in
749 2645 947 2710 contrarium
976 2663 1045 2706 esse
1131 2639 1133 2652 ’

47 2755 171 2820 uersam,
203 2741 254 2820 ut,
286 2737 342 2820 qui
367 2736 460 2822 impii
490 2740 587 2822 atque
618 2734 799 2820 inreligiosi
831 2734 909 2816 sint,
940 2731 1045 2816 magis

49 2821 110 2887 deos
132 2829 387 2908 promereantur.
451 2827 489 2890 11
515 2824 719 2910 gelidaque
743 2824 857 2887 diuos
876 2845 918 2886 m.
942 2841 967 2885 c.
1014 2824 1047 2885 et

48 2909 88 2974 hic
113 2917 145 2977 et
170 2915 206 2978 in
233 2935 272 2980 eo
301 2916 356 3000 qui
383 2918 459 2980 ente
485 2915 573 2979 hunc
602 2935 715 2978 sensus
744 2916 793 2978 est
822 2933 880 2996 per
911 2929 1088 2995 neugmaco

49 2998 74 3061 id
100 3006 146 3066 est
177 3025 235 3088 per
267 3004 527 3070 coniunctionem
556 3025 595 3068 ex
628 3002 791 3086 superiore
824 3000 1047 3086 accipiendum

51 3132 244 3146 ἣ.-

109 3195 324 3267 amma

111 3359 204 3413 theco
221 3359 311 3413 deleat
377 3357 532 3411 lunuendn
551 3357 590 3410 M
655 3355 791 3410 ciectus:
810 3355 902 3409 laetus
922 3353 960 3406 M
1031 3359 1046 3408 6

54 3432 232 3483 rucennarnum
250 3430 290 3484 M
365 3429 505 3485 ledones
525 3429 564 3481 M
643 3433 676 3481 15
695 3441 811 3480 cannae
831 3425 869 3478 M
954 3430 986 3476 16
1005 3440 1047 3477 ne-

55 3495 142 3553 lellent
159 3502 196 3554 M
276 3507 309 3556 19
329 3499 472 3570 obprobrii
490 3515 554 3553 uos:
573 3500 610 3553 ob
629 3497 755 3551 robrnum
775 3497 818 3564 M,
838 3495 874 3548 ob
892 3492 1047 3562 periurium

56 3569 88 3621 ccl
104 3570 137 3624 ob
154 3571 334 3643 obprobrium
354 3590 372 3638 ς
460 3575 495 3625 20
513 3573 574 3638 post
597 3515 731 3637 obligasti
752 3566 817 3632 fort.
841 3563 925 3617 simul
947 3561 1048 3614 iurasti

58 3643 195 3699 uocarunt
267 3648 302 3696 22
321 3658 451 3696 uniuerse
471 3641 508 3694 M
579 3645 613 3693 25
632 3640 736 3691 matres
756 3635 794 3688 M
