2378 3934
159 69 166 81 ¹
218 120 280 186 126
585 115 658 174 ons
678 117 725 186 iv,
744 123 760 172 1
780 115 811 170 es
827 121 852 170 4.

96 305 98 309 ·
215 283 384 350 studinis
415 303 555 348 eureae
584 281 731 346 dulcem
759 299 851 362 quoe
879 277 1085 364 strepitum
1114 277 1182 343 Pie

213 377 420 458 temperas:
445 393 464 436 o
487 371 582 456 Pieri,
604 392 686 454 quse
710 369 837 446 dulcem
859 368 1031 452 strepitum
1054 369 1157 432 testudi

213 465 385 546 temperas.
475 461 518 526 23
550 460 746 525 Romanae
773 457 921 522 fidicen
952 457 1058 541 lyrae
1092 457 1121 520 id
1149 469 1183 526 cel

214 551 336 635 lyricus
358 553 466 634 poete.
556 549 600 614 24
623 549 655 613 si
677 549 821 633 placeo.
865 545 1015 621 ἐπιεικῶς
1037 545 1069 610 si
1090 545 1183 628 ploce

188 639 339 723 eintulit,
366 640 399 703 et
428 637 684 704 subaudiendum
716 637 914 701 extrinsecus
947 632 1088 715 tamem,
1113 637 1183 698 uls

216 728 255 793 ‘si
277 732 389 792 tamen
410 725 544 811 placeo'.

644 809 715 866 ODE
734 816 759 877 4,
779 816 804 865 4.

304 921 394 986 Η111
430 915 501 1010 ᾠδὴ
538 921 580 986 ed
611 920 780 986 Drusum·
817 919 970 1004 qualern
1004 916 1183 982 ministrs:

214 1009 393 1076 fulminis
430 1009 571 1076 alitem.
607 1010 687 1074 hoec
713 1012 764 1073 cst
787 1008 909 1094 ecloga,
922 1009 1057 1092 propter
1068 1028 1165 1091 quam
1175 1029 1183 1066 r

175 1115 201 1156 1⁰
216 1121 314 1186 supra,
349 1099 564 1184 ostendimus,
599 1101 689 1164 totus
725 1097 779 1162 hie
814 1098 897 1162 libe'r
941 1096 1126 1180 conpositus
1159 1115 1183 1156 ec

216 1189 337 1274 scripto
364 1192 413 1254 est
441 1209 518 1275 ergo
546 1189 582 1252 in
609 1185 773 1253 Neronem
800 1183 945 1252 Drusum
975 1185 1155 1270 priuignum

215 1300 432 1345 successorem
445 1277 597 1364 Augusti,
619 1277 675 1361 qui
693 1275 814 1341 Raetos
827 1275 1016 1340 Uindelicos
1035 1275 1119 1339 bello
1135 1273 1183 1336 uie

215 1367 254 1432 de
277 1367 412 1452 imperio
436 1371 545 1442 eutem
567 1365 722 1452 principis
745 1365 842 1430 huius
865 1363 1028 1448 duplicem
1045 1362 1123 1428 facit
1138 1383 1178 1426 cor

214 1458 427 1540 perationem.
462 1477 540 1520 nem
561 1453 705 1520 Drusum
728 1454 775 1518 sit
795 1457 889 1518 tento
913 1454 1027 1538 uigore
1050 1456 1141 1536 atquc
1160 1452 1179 1512 ir

175 1561 201 1600 15
214 1549 292 1628 petu
323 1545 434 1610 hostes
465 1543 653 1610 Uindelicos
684 1543 859 1627 inussisse,
895 1545 1019 1627 quanta
1056 1543 1091 1606 ui
1124 1540 1176 1605 sole

215 1633 323 1716 aquile
345 1634 381 1696 in
402 1633 551 1719 rapinem
573 1633 710 1718 inruere,
731 1633 873 1716 primum
896 1632 1007 1696 ouium
1026 1652 1103 1696 mox
1121 1651 1177 1693 corr

214 1721 330 1786 borsto
358 1722 470 1807 uigore
500 1722 599 1786 etism
630 1722 822 1804 draconum3
855 1721 944 1804 ipsos
977 1724 1089 1784 sutem
1117 1719 1177 1782 host

214 1810 262 1874 ite
284 1811 477 1877 conterritos
500 1831 570 1876 esse
593 1811 628 1875 ui
645 1811 867 1896 belligerantis
885 1807 996 1895 Drusi,
1017 1813 1058 1874 ut
1082 1829 1183 1892 cepres

214 1900 287 1965 uisu
310 1900 414 1964 leonis
437 1900 473 1964 in
496 1921 530 1964 se
552 1901 722 1965 inruentis.
792 1901 833 1966 18
863 1899 1004 1984 quibus
1027 1911 1109 1963 mos
1129 1917 1183 1962 um

175 2003 201 2044 20
216 1988 404 2054 deductus
433 2010 503 2073 per
534 2010 643 2054 omne
674 1992 840 2074 tempus¹
863 1989 1068 2054 emenonis
1103 2007 1178 2051 secu

215 2079 371 2142 dextras
400 2079 573 2143 obermet
600 2100 785 2162 quaerere
816 2077 962 2143 distuli
1006 2077 1044 2141 hi
1068 2074 1181 2141 Uindel

216 2167 345 2232 sedibus
369 2167 409 2230 ab
423 2166 644 2232 Amazonibus
664 2167 758 2232 eiecti
777 2170 810 2232 et
829 2189 867 2232 cx
887 2167 1027 2232 Thracis
1045 2167 1083 2230 in
1102 2164 1183 2236 exilis

216 2275 249 2318 se
278 2255 453 2320 contulisse
484 2255 682 2340 Alpiumque
713 2257 785 2322 loos
816 2257 972 2322 insedisse
1004 2256 1183 2336 dicuntur(

215 2342 302 2426 quod
328 2343 555 2426 potentissime
582 2345 617 2409 in
645 2366 680 2410 se
706 2346 773 2410 tela
800 2365 926 2411 secures
949 2345 1152 2410 Amazonum

175 2449 201 2492 25
215 2431 300 2515 perti
330 2430 481 2517 fuissent,
513 2433 601 2518 ipsos
634 2455 760 2518 quoque
793 2457 888 2500 usum
924 2455 1036 2499 esrum
1073 2433 1109 2498 in
1142 2433 1176 2494 be

216 2519 385 2604 accepisse.
474 2522 518 2588 22
546 2544 614 2587 nec
645 2523 744 2588 scire
767 2523 828 2588 fus
852 2526 911 2588 est
933 2522 1070 2588 omnis
1117 2541 1181 2584 sens

216 2615 278 2676 est:
310 2609 360 2674 fes
392 2614 442 2675 est
473 2632 543 2675 non
575 2613 684 2676 omniu
716 2611 811 2698 scire,
842 2612 876 2676 id
908 2617 971 2689 est:
1003 2613 1082 2676 licet
1109 2609 1177 2691 sliqr

214 2699 373 2786 ignorare.
464 2700 508 2764 24
536 2701 719 2766 consiliis
748 2701 900 2766 iuuenis
932 2721 1144 2785 repressae.

214 2791 365 2873 pertinet,
387 2789 474 2873 quod
498 2787 574 2854 ‘lete
596 2787 758 2856 uictrices'
780 2790 914 2855 dixerat.
981 2789 1025 2854 25
1053 2788 1145 2873 quid
1169 2787 1176 2848 i

174 2877 322 2942 sodoles
350 2878 502 2943 nutrite
533 2878 678 2944 faustis
710 2880 778 2944 sub
810 2878 1096 2963 penetralibus.
1152 2897 1178 2958 ql

214 2985 281 3030 non
312 2967 422 3049 potest
447 2966 591 3034 Drusum
617 2968 749 3032 laudere
776 2989 862 3052 nunc
888 2971 926 3032 ut
954 2968 1057 3033 filium
1080 2967 1173 3050 Augu

215 3053 275 3135 [et]
299 3052 340 3119 ab
359 3076 397 3119 eo
421 3055 591 3120 educatum
613 3057 861 3141 institutumque
891 3057 977 3122 dicit.
1067 3057 1110 3120 27
1139 3075 1180 3135 qu

213 3142 385 3228 Augusti
412 3149 598 3228 paternus
625 3146 666 3210 in
693 3167 835 3230 pueros
863 3146 1016 3211 enimus
1042 3141 1170 3210 Neron

286 3336 707 3407 20P1er1..temperesc'u
724 3354 811 3408 mccp.
830 3356 865 3394 11.
884 3343 913 3396 2.
932 3337 997 3394 cdd.
1015 3338 1047 3392 in
1066 3336 1106 3390 M

214 3420 309 3474 epicos
329 3407 367 3458 M
436 3407 574 3478 tegloge
593 3410 632 3463 M
693 3415 725 3464 11
746 3410 852 3464 scribto
916 3416 949 3464 12
967 3409 1061 3464 rethos
1079 3407 1162 3462 mnde

215 3490 334 3529 ..urcrs
353 3475 392 3528 M
449 3482 482 3531 18
501 3478 639 3534 uicorum.
659 3479 810 3550 Oropum
828 3480 866 3535 M
923 3487 956 3535 21
976 3479 1144 3534 dertresub

215 3545 255 3598 M
324 3551 358 3598 24
376 3546 601 3614 potentrsumum
621 3550 659 3604 M
734 3553 862 3620 expertes
882 3553 941 3606 M'
994 3555 1027 3604 25
1045 3549 1121 3619 ipsi?

213 3630 320 3670 nescire
340 3614 379 3669 M
448 3621 483 3670 28
501 3633 643 3686 repressus
662 3621 701 3675 M
772 3628 806 3676 33
825 3639 937 3678 neronis
956 3623 995 3675 M
