2426 3934
179 125 244 190 312
491 125 670 182 EPISTULA
688 127 723 196 Π,
744 131 768 194 1,
788 131 901 181 ιιι-26.
1188 151 1189 202 p

178 289 329 354 maticon.
415 288 458 354 15
489 293 675 354 maturos:
708 287 907 352 adeeleratos
936 289 988 352 uel
1016 293 1174 372 oportunus

178 378 302 442 meritis
331 377 397 442 tuis
430 381 527 462 atque
578 379 748 442 maturos
790 377 837 442 ait
864 381 960 442 reete.
1009 378 1080 442 aliis
1104 381 1175 443 enin

178 488 246 532 non
269 467 388 530 maturi
412 465 468 530 sed
492 466 555 530 seri
576 465 717 531 honores
740 465 809 530 dati
828 469 912 531 sunt.
1004 467 1045 531 16
1067 467 1175 531 iuran-

178 555 323 640 dasque
345 577 383 620 ae
402 576 460 639 per
482 553 557 620 hoe:
588 554 716 620 diuinos
739 555 801 620 tibi
823 555 962 620 honores
986 555 1176 620 decernimus

138 669 152 709 ι
248 645 288 708 17
312 643 371 708 nil
393 644 583 709 oriturum
606 666 634 708 a.
680 646 713 707 et
738 643 802 710 hoo
825 643 1024 728 splendidius
1048 665 1136 728 quam
1156 647 1190 712 si¹

181 732 287 797 ‘nasei
309 731 445 797 habere’
468 732 520 797 uel
543 736 672 797 ‘natum
696 731 781 798 esse'
805 732 947 797 dixisset
993 733 1093 797 oritur
1106 735 1177 796 enim

181 822 231 888 sol
254 825 287 887 et
310 819 388 886 oriri
405 821 461 885 lux
475 820 600 887 dieitur.
670 822 710 886 18
735 821 799 886 sed
822 824 909 886 tuus
931 820 994 886 hio
1016 822 1177 906 populus:

180 911 216 974 in
239 911 300 976 hae
324 910 450 974 solare
475 910 572 994 sapit,
610 909 695 994 quod
727 910 768 975 ad
791 913 824 974 te
847 909 985 995 adtinet,
1017 910 1052 974 in
1083 912 1177 974 aeteus

178 1003 286 1064 autem
317 1003 443 1083 peceat,
475 998 530 1084 qui
559 999 607 1063 nil
636 997 796 1083 optimum
822 999 887 1064 nisi
910 999 1081 1084 antiquum
1100 1003 1177 1083 putat

138 1113 164 1152 ιο
178 1090 210 1152 et
234 1088 284 1151 sui
312 1087 468 1172 temporis
497 1087 650 1152 uniuersa
680 1088 868 1154 contemnit.
940 1088 982 1153 21
1006 1088 1177 1153 torrisse-

177 1179 294 1241 mota:
324 1179 435 1241 uetera
458 1198 495 1242 ae
519 1176 697 1242 demortua.
766 1177 808 1242 21
842 1177 923 1242 suis
954 1173 1191 1261 temporibust

178 1263 243 1329 def
252 1269 383 1330 uneta:
421 1287 472 1349 ea,
506 1287 587 1350 quae
623 1288 682 1330 sua
711 1269 861 1350 tempora
897 1264 1119 1350 eonpleuerint
1149 1287 1176 1328 ar

177 1353 329 1419 finierint.
397 1355 441 1420 22
463 1354 623 1419 fastidit
645 1359 683 1420 et
705 1355 796 1420 odit.
843 1355 984 1439 auxesis3
1013 1355 1086 1439 plus
1108 1355 1176 1418 euin

178 1443 260 1510 odit
290 1465 387 1528 quam
416 1443 583 1510 fastidit.
650 1444 694 1509 23
726 1444 826 1525 'ssia
855 1443 988 1509 fautor
1014 1446 1177 1508 ueterum.

140 1556 165 1596 ιι
179 1553 266 1596 usus.
303 1532 383 1598 adeo
411 1529 581 1618 ueteritbus
604 1532 727 1597 fauens.
773 1535 810 1596 ut
841 1532 939 1598 etiam
968 1532 1086 1617 legum.
1126 1529 1177 1594 XII

178 1620 307 1684 tabulas
335 1620 560 1685 adeeemuiris
580 1623 585 1698 Ι
606 1621 742 1705 scriptas
766 1623 799 1685 et
821 1620 952 1686 foedera
981 1621 1043 1685 sub
1066 1620 1176 1705 regibus

177 1709 275 1774 faeta.
320 1731 402 1792 quae
431 1731 519 1774 nune
549 1709 675 1774 romani
695 1709 700 1792 Ι
719 1711 773 1775 uel
802 1731 876 1774 cum
903 1709 1027 1775 sabinis
1050 1711 1100 1774 uel
1120 1731 1177 1772 eun

178 1797 367 1863 sabinorum
388 1797 528 1863 latinum
551 1819 620 1862 esse
642 1797 791 1863 uideatur
811 1799 816 1882 Ι
837 1799 879 1863 ob
903 1799 1050 1864 auferam
1071 1802 1102 1862 et
1119 1819 1177 1861 rau-

178 1885 284 1951 eidam
318 1890 523 1952 uetustatem.
567 1887 615 1950 ita
650 1885 846 1974 pulchrum!
880 1891 914 1951 et
950 1889 1120 1953 extinctam
1151 1886 1176 1948 in

141 1999 167 2040 ιο
182 1976 298 2040 albam.
349 1974 445 2040 Nune
481 1976 722 2060 teloquentibus
755 1975 842 2040 dieat
873 1979 969 2054 esse}
995 1999 1056 2061 pro
1086 1976 1177 2040 latim.

179 2061 225 2126 Ut
247 2085 314 2128 non
328 2065 393 2128 iam
407 2064 601 2129 disertorum
619 2065 788 2130 hominum
807 2065 864 2130 sed
884 2064 889 2148 l
909 2087 1076 2132 musarum
1097 2065 1176 2128 etiam

137 2230 139 2235 Ι
178 2150 361 2216 inuideatur
391 2152 503 2217 oratio.
570 2154 614 2218 26
646 2153 879 2237 pontificum
907 2154 1042 2220 libros.
1085 2157 1175 2216 utrum

178 2239 312 2303 annales
345 2261 388 2303 an
419 2240 470 2304 ius
502 2242 687 2325 pontificale
720 2243 892 2328 signifieat.
965 2243 1009 2308 26
1048 2261 1176 2306 annosa

251 2437 266 2485 2
286 2430 327 2486 ait
344 2448 408 2488 aas:
426 2434 456 2487 et
475 2433 514 2487 M
572 2441 587 2489 3
608 2434 1149 2505 sunt,fort.addendus1taieeot.u.5

180 2509 196 2558 6
215 2503 293 2558 nasei
311 2503 415 2558 habere
434 2529 469 2550 τ.»
487 2508 586 2560 natum
609 2506 658 2574 iri,
686 2506 722 2574 ef.
741 2507 836 2562 Herm.
864 2505 1002 2574 Resonet,
1032 2505 1108 2560 Itala
1131 2501 1176 2556 ud

183 2573 306 2645 Vulpata
319 2592 350 2642 p.
369 2579 532 2642 447-449;
562 2595 589 2630 n.
609 2577 728 2632 haberet
746 2596 764 2646 ς
836 2579 950 2632 'ltutus
968 2577 1009 2631 M
1076 2573 1174 2654 Sadte

178 2645 290 2701 adtinet
307 2663 370 2700 uos:
397 2648 464 2702 ante
482 2648 550 2702 nd&
569 2649 618 2715 M,
645 2650 674 2702 te
702 2649 825 2704 antefert
843 2648 943 2704 ceteris
962 2666 981 2716 ς
1053 2653 1068 2702 9
1091 2661 1175 2714 quas

251 2724 285 2772 10
311 2717 415 2772 scholia
437 2735 466 2773 a.
487 2724 524 2775 21
540 2725 606 2788 poet
623 2720 676 2773 ech.
695 2737 723 2774 a.
742 2725 783 2776 22
806 2721 839 2774 in
858 2719 897 2774 M
930 2720 1117 2774 terraemotas
1134 2714 1163 2767 M

180 2795 212 2841 12
232 2787 364 2861 defunotp
383 2804 416 2844 ae
435 2805 525 2860 aquae
545 2791 583 2844 M
652 2790 828 2861 temporibus
846 2795 872 2846 et
890 2789 1035 2844 adfimerrt
1052 2789 1090 2844 M
1149 2789 1175 2836 14

178 2860 233 2912 duo
251 2859 354 2914 scholia
373 2860 489 2926 euasura
511 2860 656 2928 uideatur,
684 2862 813 2917 alterum:
837 2877 926 2931 usque
955 2860 1026 2916 adeo
1052 2855 1174 2914 ueteribus

178 2928 291 2998 fauens,
318 2931 351 2983 ut
378 2931 465 2985 etiam
488 2932 514 2986 le
536 2949 584 2986 um
601 2931 654 2986 XII
671 2931 785 2988 tabulas
809 2949 827 2988 a
845 2930 1011 2987 decemuiris
1030 2929 1174 3000 scriptaad

179 2997 293 3053 foedera
311 3000 363 3055 sub
381 3002 496 3072 regibus
514 2949 591 3057 fricta
609 3003 656 3057 uel
675 3020 738 3057 eum
753 3003 871 3059 Gabinis
889 3003 936 3057 uel
950 3019 1013 3056 eum
1028 2999 1131 3056 Sabinis
1146 2996 1173 3050 ob

179 3072 322 3125 austeram
345 3074 374 3127 et
395 3072 540 3128 rancidam
563 3075 734 3129 uetustatem
756 3074 799 3128 ita
821 3074 940 3144 pulchra
962 3072 1039 3128 dieat
1061 3087 1127 3138 esse,
1150 3069 1174 3118 ut

178 3158 235 3196 non
262 3141 321 3196 iam
344 3143 511 3199 disertorum
539 3143 685 3199 hominum
713 3145 763 3200 sed
781 3145 925 3200 Musarum
952 3144 1039 3199 etiam
1063 3141 1173 3196 uideatur

179 3212 282 3284 oratio,
318 3215 435 3269 alterum
462 3217 535 3284 quod
568 3232 602 3270 ex
628 3216 793 3286 frapmeata's
820 3232 893 3286 quae
925 3232 999 3270 nuuc
1026 3229 1126 3269 romam
1146 3247 1172 3262 .·

179 3299 258 3337 orum
277 3284 398 3340 latrnum
416 3301 476 3341 esse
494 3287 624 3341 uideatur
643 3329 670 3341 ..
690 3287 743 3341 m&
762 3289 916 3342 extinctam
934 3305 964 3341 ιιι
981 3286 1082 3342 albam.
1106 3282 1172 3336 Nune

179 3355 209 3406 te
227 3353 442 3422 loquentibus..
460 3372 512 3425 pro
531 3357 620 3411 latmo
638 3362 671 3411 at
680 3359 848 3412 restituerem
869 3373 927 3413 pou
944 3359 1065 3427 eunapii,
1081 3353 1171 3408 uidetur

178 3423 277 3477 scholio
295 3441 323 3478 a.
343 3430 382 3479 27
400 3427 558 3481 addendam
580 3443 634 3481 esse
657 3433 737 3497 atqua
755 3430 828 3483 hrota
846 3431 878 3483 e'n
895 3429 1005 3484 modam
1022 3427 1170 3493 conforman-

178 3492 257 3544 dum:
276 3508 312 3545 an
331 3495 406 3562 quod
423 3495 534 3565 lingua,
559 3513 632 3565 quae
649 3515 723 3552 nune
741 3499 869 3554 Romana
889 3498 1012 3554 omnium
1029 3496 1172 3552 Latinorum

179 3573 239 3612 esse
257 3561 410 3640 uideatur.
431 3606 437 3618 .
461 3565 492 3619 in
519 3567 629 3622 Albano
654 3571 750 3624 monte
778 3570 924 3639 loquentes
951 3586 1004 3640 pro
1027 3567 1121 3623 Latine
1141 3562 1172 3615 Ιο-

179 3630 327 3693 quentrbus
344 3633 439 3698 posuit
511 3641 544 3688 23
564 3653 667 3692 amrssa
686 3639 725 3692 M
1093 3675 1095 3682 ,
