2378 3934
167 116 230 180 146
571 113 722 169 EPODON
742 120 766 169 2.

165 279 353 344 animalium
375 297 472 344 uoces
494 281 720 362 praeterquam
733 277 903 342 hominum
922 279 1081 364 querellas
1100 279 1177 342 dice·

165 369 255 432 bant.
301 367 438 452 denique
461 370 494 432 el
516 364 733 452 Uergilius:
770 365 820 430 Ει
852 371 968 432 cantu
997 369 1176 451 querulae

166 461 350 541 rumpunt
387 457 546 520 arbusta
582 455 752 537 cicadae,
788 455 907 539 inquii,
949 460 982 520 el
1018 455 1057 520 de
1094 458 1177 519 ranis

166 544 217 610 nt
238 550 408 610 ueterem
439 545 478 608 in
509 543 600 609 limo
628 566 745 608 ranae
769 544 944 609 cecinere
967 545 1177 628 querellam

141 639 201 700 set
242 635 280 698 de
320 635 427 698 bubus
476 633 603 716 Atque
645 654 756 698 omne
797 635 982 716 querellis
1028 633 1178 718 impleri

166 745 308 789 nemus.
397 723 439 786 27
485 721 693 805 fontesque
738 721 907 806 lymphis
948 723 1178 806 obstrepunt

166 811 417 878 mananlibus
445 832 600 876 somnos
625 811 724 895 quod
747 810 892 875 inuidet
913 812 1028 875 leues.
1075 813 1180 876 suauis

168 901 319 966 elocutio:
342 900 450 965 fontes
474 900 666 984 obstrepunt
689 898 775 984 quod
799 921 931 965 somnos
953 900 1082 965 inuiiel.

167 989 210 1054 29
252 994 291 1053 at
331 1010 413 1054 cum
453 989 632 1054 tonantis
679 1009 800 1054 annus
840 989 1028 1054 hibernus
1069 988 1182 1054 Iouis.

128 1099 291 1144 mannus
313 1078 500 1142 hibernus
523 1099 582 1162 pro
607 1077 794 1144 ‘hibernum
815 1081 944 1163 tempus
963 1078 1070 1143 anni'.
1108 1083 1182 1142 nota

167 1169 276 1231 autem
299 1165 522 1252 synecdochen
545 1188 615 1230 esse
634 1189 757 1230 annum
778 1188 838 1251 pro
861 1171 953 1252 parte
972 1168 1052 1232 anni
1071 1167 1182 1231 dicere.

169 1256 214 1322 sic
242 1260 275 1320 οι
296 1255 510 1339 Uergilius·
551 1253 663 1320 Nunc
698 1255 884 1320 frondent
920 1256 1046 1320 siluae
1084 1279 1182 1319 nune

167 1344 477 1410 formosissimus
500 1365 634 1409 annus.
701 1344 744 1408 33
767 1347 834 1408 aui
856 1345 973 1409 amile
996 1345 1076 1408 leui
1100 1366 1183 1407 rara

168 1434 297 1498 'cendii
318 1433 430 1498 retia
474 1433 588 1497 amites
615 1431 774 1534 hodieque
801 1433 1006 1517 adpellantur
1033 1433 1188 1514 forculaeq

129 1523 285 1606 aquibus
303 1522 413 1586 reiia
403 1543 439 1584 m
456 1521 629 1585 uenaiione
652 1521 733 1586 uel
724 1544 760 1585 ιιι
778 1523 916 1607 aucupio
935 1511 1188 1605 suspenduntur

170 1615 203 1674 et
212 1613 261 1674 esi
269 1610 375 1695 figura
389 1605 589 1694 ἑπεξηγησις,
597 1632 674 1694 qula
687 1611 769 1676 retra
778 1611 845 1675 doh
855 1614 939 1676 sunl.
984 1611 1026 1675 39
1047 1611 1182 1694 quodsi

116 1691 130 1719 ¹
169 1698 309 1783 pudica
332 1698 534 1762 mulierin
555 1702 713 1782 partem.
758 1719 826 1764 non
849 1700 895 1763 aii
918 1697 1050 1783 quodsi
1073 1703 1109 1764 ei
1132 1725 1183 1783 pu-

170 1787 242 1852 dica
263 1809 345 1853 uxor
366 1787 487 1852 rustico
511 1787 709 1872 contingai'·
702 1837 710 1870 ,
733 1807 793 1852 nec
815 1787 902 1852 enim
920 1787 987 1852 exis
988 1788 1086 1852 limat
1106 1789 1172 1852 diffi

171 1877 230 1942 eile
253 1899 323 1942 esse
346 1876 501 1941 rusticam
523 1898 656 1941 uxorem
679 1876 829 1960 pudicam
857 1898 940 1961 esse,
975 1899 1050 1941 cum
1073 1899 1185 1941 omne>

131 1992 158 2032 ιο
171 1967 305 2051 pudicas
335 1987 405 2030 esse
431 1965 578 2051 intellegi
604 1965 693 2030 uelit.
752 1965 809 2030 sed
830 1965 893 2030 hoc
916 1967 975 2030 ait:
1017 1966 1136 2049 quodsi
1159 1985 1187 2030 οι,

171 2077 303 2120 uxorem
325 2054 454 2137 haheat,
473 2076 559 2139 quae
578 2055 700 2138 alioqui
713 2054 830 2138 pudica
843 2059 901 2120 esi.
946 2059 1056 2139 potest
1079 2061 1187 2119 autem

170 2144 281 2226 ulique
305 2143 448 2207 accidere
477 2143 618 2222 [idioma.
673 2147 707 2208 ei
735 2146 785 2208 esi
770 2143 1012 2209 lconsuetudo
1042 2146 1187 2228 mistica}

170 2235 208 2295 ιιι
230 2252 313 2295 uxor
334 2252 403 2294 non
426 2231 477 2314 sil,
498 2231 552 2295 uel
575 2232 651 2315 quia
673 2232 819 2296 nondum
840 2233 938 2297 duola
961 2237 1011 2298 eal
997 2233 1089 2297 luel
1115 2235 1187 2322 quid

172 2319 280 2402 aliquo
313 2340 391 2383 casu
422 2318 573 2403 adempta
605 2324 663 2384 est.
742 2321 786 2385 43
828 2342 976 2386 sacrum
1016 2324 1187 2410 uetustis*

131 2433 158 2474 a
172 2410 326 2472 extrue
361 2407 481 2493 lignis
517 2407 653 2474 focum.
701 2431 831 2493 propne
853 2409 916 2475 hoc
938 2412 1077 2475 rueheae
1103 2414 1174 2475 uilu

171 2500 222 2563 esi
243 2496 353 2563 focum
380 2518 497 2561 amare.
552 2520 704 2563 sacrum
740 2502 848 2564 aulem
884 2499 977 2584 dixit,
1018 2500 1097 2583 quia
1137 2524 1182 2564 au

172 2587 307 2652 deorum
336 2589 491 2671 penatum
519 2590 569 2650 est
594 2587 695 2652 focus.
763 2588 874 2652 lue
879 2587 1049 2653 thorna
1086 2589 1176 2653 dulc

172 2676 264 2741 uina
291 2697 471 2760 promens
500 2674 613 2740 dolio.
658 2676 782 2741 horna
805 2591 895 2741 uind
919 2676 1070 2741 dicuntur
1092 2677 1186 2742 huiu

175 2766 261 2828 anni.
306 2786 373 2829 non
411 2784 486 2850 ergo
520 2761 622 2828 ‘dulei
654 2763 757 2830 dolio'
789 2768 827 2829 ιιι
867 2765 989 2830 dicium
1028 2770 1093 2852 esi,
1139 2769 1186 2831 sei

175 2895 389 2907 -ι--ι-ι-

245 2962 261 3010 2
281 2953 381 3026 Georg.
400 2963 425 3026 3,
444 2963 505 3012 328.
526 2964 550 3026 1,
569 2963 630 3013 318,
703 2961 771 3014 Aen.
791 2964 816 3026 8,
836 2965 888 3013 215
963 2965 995 3013 12
1022 2959 1088 3014 Bue.
1112 2967 1139 3029 3,
1160 2965 1186 3014 51

246 3122 413 3186 3ιιιιιιρθιιι
438 3117 576 3186 Uerqiliue
634 3123 736 3172 arare
756 3119 795 3172 M
833 3119 1010 3174 ‘Imanirbus
1030 3119 1069 3172 M
1105 3120 1186 3174 leuce

173 3187 209 3242 IL
247 3187 347 3242 Suams
367 3188 406 3242 M
479 3188 638 3242 8elocucro
658 3189 697 3242 M
752 3192 839 3245 eant
857 3191 896 3244 M
953 3197 985 3244 11
1005 3190 1186 3258 smecdocher

175 3259 215 3311 M
285 3260 436 3313 13am1tte
456 3259 494 3311 M
587 3265 620 3313 14
643 3276 718 3314 recra
738 3261 776 3314 M
791 3267 832 3316 ter
886 3261 1045 3330 apellaninr
1066 3262 1106 3315 M
1185 3265 1186 3330 1

177 3335 210 3392 16
239 3328 328 3384 ΕΦΕΞ
330 3329 443 3383 ΗΓΗΕΙ(
459 3329 501 3382 M
578 3329 637 3384 doh
660 3333 725 3385 ειιιιι
747 3348 781 3385 ex
799 3332 898 3386 doluni
916 3347 985 3386 corr.
1004 3351 1038 3387 m.
1058 3339 1084 3388 1.
1106 3335 1141 3387 in
1163 3337 1182 3388 1

249 3404 281 3452 17
300 3401 369 3453 nota
386 3399 417 3452 rd
435 3399 637 3468 quodsrquodm
656 3401 696 3454 M
765 3409 797 3457 21
813 3419 898 3471 quae:
918 3421 968 3472 qm
987 3404 1026 3456 M
1080 3409 1116 3458 22
1131 3407 1184 3460 ιιιιν

177 3484 246 3536 quoe
265 3469 302 3522 ad
319 3469 373 3523 ech.
392 3486 420 3523 a.
444 3473 480 3524 47
503 3471 626 3540 adecript
627 3490 645 3526 οι
667 3475 801 3527 ormella
826 3475 951 3544 marciae
974 3475 1076 3530 codicis
1104 3480 1172 3532 arch

179 3539 250 3608 typi
267 3539 355 3592 delcuc
373 3555 434 3592 cum
452 3542 509 3594 cod.
529 3541 619 3609 Guelfi
692 3545 914 3600 24eslzs1tM
982 3551 1016 3601 28
1036 3563 1109 3602 orna
1129 3567 1185 3602 mn

180 3608 218 3661 M
287 3613 321 3662 29
340 3611 644 3678 nonerergodulhohdo
665 3615 703 3668 M
