2562 3930
239 113 303 178 174
524 83 528 88 ’
636 110 787 166 necnon
808 117 848 166 17.

236 276 466 343 ueneficiorum
481 275 602 340 scilicet
615 275 876 360 intellegendum.
922 276 943 340 2
958 277 1165 359 suppleret
1183 299 1254 344 oro

237 387 356 452 regna
378 388 445 449 per
466 363 731 448 Proserpinae.
785 364 950 450 eleganter
978 365 1070 449 quasi
1092 367 1255 449 pendeas

236 456 338 540 ipsius
367 477 439 519 eam
466 456 547 539 orat,
575 454 650 538 quia
679 452 842 518 ueneficae
864 451 1012 518 Hecaten
1042 455 1161 520 colunt.
1232 457 1254 519 3

230 566 299 627 per
326 550 359 609 et
379 543 527 608 Diceae
553 563 628 607 nco
654 543 833 609 nroucudo
858 544 1021 608 crumino.
1071 545 1163 608 ordo:
1191 566 1254 628 per

210 633 519 698 ⁵Dianaenumina
536 653 605 697 non
623 631 804 716 mouenda,‘
815 631 877 696 hoo
895 635 958 696 est:
977 654 1044 698 non
1061 632 1254 698 lacessenda

237 727 275 787 ut
293 726 485 788 moueantur
503 722 536 786 id
554 724 603 786 est
617 722 808 786 irascantur.
865 721 888 786 4
906 743 973 805 per
991 724 1106 805 atque
1125 722 1251 786 libros

238 811 447 876 carminum
473 810 696 876 calentium.
743 809 842 894 ordor
859 813 955 894 atque
978 832 1035 895 per
1058 811 1158 876 libros
1182 833 1252 876 car-

236 901 377 983 minum3
400 899 501 984 ipsius
525 903 633 964 autem
656 896 811 963 Canidiae
834 898 921 964 dicit.
1002 900 1022 964 6
1046 921 1160 983 parce
1183 922 1252 964 uo-

237 990 344 1053 cibus
368 987 522 1052 tandem
544 987 672 1052 sacris
709 986 857 1052 uocibus:
877 987 993 1064 uerbis,
1023 987 1149 1073 dilogos
1163 1009 1253 1053 nunc

197 1092 223 1132 10
238 1077 353 1142 dicitur
377 1076 513 1159 sacris,
536 1077 612 1160 quia
635 1097 762 1140 sacrum
776 1079 809 1139 et
822 1077 1009 1162 religiosum
1024 1080 1057 1141 et
1070 1077 1251 1142 execrabile

237 1166 406 1250 significat.
488 1166 506 1230 7
532 1165 725 1248 citumque
753 1167 857 1230 retro
886 1165 1006 1249 solue,
1036 1166 1145 1230 solue
1168 1169 1252 1230 tur-

235 1255 371 1319 binem.
417 1256 521 1319 retro
546 1255 652 1319 solue
680 1253 713 1319 id
737 1257 800 1337 est,
823 1253 908 1338 quod
931 1253 1073 1319 crebrius
1098 1253 1251 1320 ‘resolue'

235 1344 370 1408 dicimus
393 1347 426 1407 et
448 1343 566 1415 citum
593 1344 626 1407 id
649 1346 699 1407 est
721 1343 785 1407 cito
810 1343 907 1408 solue.
952 1343 1117 1409 turbinem
1139 1347 1251 1408 autem

235 1433 323 1518 dicit,
344 1432 430 1517 quod
453 1433 546 1515 quasi
569 1431 762 1516 obligauerit
784 1435 926 1496 mentem
945 1432 1021 1498 eius
1081 1433 1101 1498 8
1125 1434 1251 1497 mouit

105 1546 107 1552 ’
197 1525 415 1606 1⁶nepotem
455 1519 647 1603 Telephus
688 1518 878 1588 Nereium.
946 1521 1092 1605 exempla
1133 1521 1250 1606 adfert,

235 1609 351 1693 quibus
375 1609 525 1673 ostendat
548 1609 645 1673 etiam
667 1609 816 1674 inimicos
834 1609 982 1693 precibus
1001 1631 1112 1674 eorum
1131 1611 1250 1694 quibus

234 1698 309 1762 irati
340 1700 434 1762 erent
465 1698 505 1761 ad
537 1697 777 1762 miserationem
809 1698 973 1764 adductos,
1025 1702 1104 1763 nota
1137 1704 1249 1764 antem

232 1787 370 1851 historia
402 1789 464 1870 est,
496 1786 673 1871 Telephum
706 1786 746 1850 ab
778 1785 905 1851 Achille
937 1788 1143 1852 uulneratum
1176 1810 1249 1853 esse

233 1875 481 1962 fragmentoque
504 1875 630 1956 hastae,
658 1896 722 1958 qua
744 1876 933 1941 uulneratus
957 1880 1040 1959 erat,
1068 1876 1109 1941 ab
1133 1878 1249 1942 eodem

193 1977 219 2019 2⁰
233 1962 359 2029 Achille
374 1968 529 2029 curatum.
587 1966 627 2029 12
647 1964 879 2029 homicidam
902 1964 1114 2030 Hectorem.
1152 1967 1250 2031 aliter

232 2053 427 2118 homicidam
449 2051 624 2119 Hectorem
651 2074 721 2118 esse
751 2052 845 2138 dixit,
872 2076 969 2138 quam
996 2055 1096 2140 uulgo
1120 2054 1250 2122 dicitur.

232 2161 319 2206 nunc
343 2142 429 2206 enim
450 2164 509 2225 pro
533 2142 603 2208 uiro
627 2141 705 2206 forti
728 2141 858 2227 dictum,
881 2143 937 2226 qui
959 2144 1078 2208 multos
1101 2143 1250 2210 inbelle

233 2230 392 2294 occiderit
458 2231 499 2296 14
521 2231 593 2296 heu
621 2231 838 2314 peruicaois
861 2232 905 2295 ad
927 2231 1043 2315 pedes
1066 2230 1254 2300 Achillei.

232 2317 271 2382 dc
294 2318 356 2382 hac
379 2317 536 2385 diuisione
559 2320 594 2383 in
623 2321 825 2403 superiore
857 2321 991 2406 ecloga
1017 2322 1146 2386 locutus
1175 2345 1252 2388 sum

191 2417 217 2462 ²⁵
232 2407 317 2471 circa
345 2428 464 2472 nomen
486 2406 601 2473 Ulixis.
658 2409 842 2493 peruicaces
866 2413 974 2474 autem
997 2409 1162 2494 dicuntur,
1191 2414 1252 2496 qui

230 2496 265 2560 in
288 2497 494 2561 contentione
517 2519 619 2582 usque
642 2498 683 2561 ad
705 2498 959 2581 peruincendum
982 2503 1201 2582 perseuerant.

230 2585 274 2650 20
297 2588 422 2650 amata
440 2586 568 2650 nautis
587 2587 747 2651 multum
767 2591 805 2652 et
823 2587 1085 2654 institoribus.
1118 2594 1253 2654 amata

229 2674 372 2739 uocatiui
395 2696 487 2739 casus
511 2679 576 2740 est:
600 2697 619 2740 o
644 2679 761 2740 amata.
807 2675 863 2741 sed
887 2679 919 2740 et
940 2677 1003 2742 hoc
1026 2677 1252 2744 urbanissime

231 2764 427 2828 contumelia
455 2763 570 2828 dicitur
597 2764 689 2850 quasi
723 2764 782 2829 sub
815 2765 871 2828 illa
902 2765 1011 2848 laude,
1044 2767 1130 2850 quod
1162 2766 1250 2833 adeo

190 2871 215 2911 eo
229 2853 342 2935 pulcra
365 2853 408 2917 sit
430 2856 467 2917 ut
490 2875 509 2916 a
532 2853 643 2918 multis
667 2856 801 2918 ametur.
869 2855 910 2919 21
934 2855 1041 2940 fugit
1063 2856 1252 2921 iuuentas

300 3033 335 3081 rr
352 3028 422 3097 spo.
444 3034 485 3098 m,
504 3035 537 3082 so

300 3193 315 3241 3
334 3187 471 3242 uenefiore
490 3188 590 3242 ecaton
607 3205 638 3242 m
656 3189 753 3242 colunt
772 3190 811 3241 M
894 3189 1025 3244 alemena
1044 3189 1144 3244 addico·
1231 3198 1247 3246 7

228 3258 404 3312 ualentmum
419 3259 458 3311 M
541 3259 692 3314 9uocibus
711 3259 818 3314 uerbis:
837 3258 945 3314 duobus
964 3261 1057 3317 uerbis
1077 3261 1116 3314 M
1202 3262 1251 3316 di-

229 3329 308 3398 logos
330 3345 394 3383 uos:
417 3328 547 3400 dralogus
567 3330 605 3383 M
625 3331 660 3397 cf.
680 3330 717 3385 ad
734 3346 812 3384 serm.
830 3335 857 3396 1,
878 3335 920 3396 10,
939 3335 976 3384 36
1067 3338 1098 3387 12
1118 3332 1251 3390 crebrius

229 3399 370 3454 Haereat.-
392 3401 505 3454 ureb1us
525 3401 563 3460 M
634 3407 666 3456 15
684 3401 788 3456 talefns
806 3401 986 3456 nere1.dum
1005 3403 1043 3456 M
1109 3409 1142 3458 17
1163 3409 1250 3474 erati,

229 3471 406 3538 eioroorr„
421 3471 460 3524 M
506 3473 604 3526 notum
619 3471 658 3525 M
706 3478 739 3527 18
753 3472 921 3528 talefumM
969 3477 1002 3526 19
1017 3473 1249 3546 fragmentumq3

229 3541 310 3596 haste
330 3583 336 3595 .
356 3558 430 3610 aqua
449 3543 486 3595 M
548 3549 581 3597 20
599 3543 760 3598 haectorem
780 3545 819 3598 M
834 3544 877 3598 bis
939 3549 973 3598 23
993 3543 1090 3598 aohrlh
1108 3545 1146 3598 M
1212 3556 1249 3604 24

230 3612 331 3682 egloga
351 3613 388 3665 M
459 3614 588 3683 25ul1x1‚
608 3633 620 3670 s
640 3615 704 3670 adol.
724 3634 742 3670 e
760 3633 794 3670 m.
814 3621 841 3671 2
863 3615 901 3668 Μ
970 3620 1005 3669 30
1022 3617 1155 3671 ruuentus
1176 3618 1218 3672 M
