2378 3934
159 126 202 191 98
443 123 516 178 ΟΒΕ
536 123 584 190 ΠΙ,
604 127 636 177 12
659 123 689 177 eb
708 127 740 176 18
760 123 789 177 et
808 126 869 176 14x

160 289 272 356 solitos
295 287 403 353 fuisse.
486 286 527 352 13
560 288 667 351 catus
698 284 797 350 idem
828 305 895 368 per
923 287 1094 371 apertum
1114 285 1163 349 fu-

159 379 304 464 gientis
335 377 487 463 agitato
517 393 633 461 grege
665 395 801 440 ceruos
830 374 1002 440 iaculari.
1048 378 1163 440 catus:

160 465 297 532 ‘acutus'
330 487 367 530 ac
389 485 448 549 per
469 465 532 530 hoc
565 462 710 529 ‘doctus'
756 463 965 550 significatur.
1011 461 1089 529 ordo
1120 451 1179 528 est?

160 559 281 622 cutem:
309 558 399 620 catus
422 553 507 619 idem
528 552 684 637 fiigientis
708 573 820 618 ceruos
846 551 980 618 iaculari
1002 573 1060 637 per
1082 573 1164 636 aper-

133 649 230 710 ⁶tum
254 643 377 730 agitato
401 662 508 728 grege.
553 645 816 727 perapertam
839 645 947 707 autem
971 641 1116 707 absolute
1132 641 1161 704 id

161 737 211 799 est
232 754 291 818 per
312 753 470 816 campum.

580 816 653 872 ODE
673 824 699 887 3,
719 823 760 871 13.

251 926 278 991 Ο
305 927 394 1004 fons
426 925 654 991 Bandusiae.
699 925 892 991 saofifieium
913 926 974 991 hac
997 919 1070 1014 ᾠδῇ
1087 925 1163 991 fonti

160 1015 344 1081 Bandusiae
380 1015 579 1101 repromittit
614 1015 771 1099 simulque
797 1015 909 1079 laudes
940 1015 1008 1079 eius
1045 1015 1129 1080 dicit.

122 1106 183 1169 ¹02
228 1126 305 1170 non
351 1105 433 1169 sine
478 1104 644 1169 floribus
680 1125 764 1168 cras
800 1103 1007 1168 donaberis
1044 1103 1165 1170 haedo.

162 1193 381 1278 amphibolon.
426 1193 585 1258 incertum
617 1196 667 1257 est
694 1192 781 1256 enim
806 1195 916 1256 utrum
944 1193 1032 1257 dicat
1060 1193 1165 1259 ‘haedo

162 1281 335 1349 donaberis
363 1286 396 1347 et
421 1280 567 1349 floribus'
595 1304 638 1346 an
660 1301 739 1347 uero
763 1280 947 1347 ‘donaberis
970 1282 1090 1368 haedo,
1120 1283 1167 1365 qui

163 1372 224 1437 erit
247 1394 321 1437 cum
343 1370 476 1437 floribus
498 1370 532 1435 id
555 1374 604 1435 est
627 1369 821 1436 coronatus'.
889 1369 910 1434 5
938 1373 976 1436 et
998 1393 1166 1437 uenerem

163 1465 200 1526 et
229 1460 378 1545 proelia
407 1457 436 1524 d.
466 1460 488 1523 f.
517 1459 666 1525 frustra
698 1459 822 1525 scilicet
845 1459 920 1543 quia
942 1459 1165 1524 immolabitur.

124 1561 149 1601 ¹⁵
212 1627 216 1634 ¹
253 1549 273 1614 9
296 1552 334 1614 te
356 1549 566 1634 flagrantis
590 1552 702 1614 atrox
723 1548 817 1614 hora
840 1570 866 1613 o.
889 1553 958 1613 nt.
981 1549 1166 1632 opacitatem

163 1639 231 1702 eins
266 1636 391 1722 laudat,
430 1659 489 1722 per
524 1659 621 1721 quam
657 1637 735 1702 dicit
770 1638 911 1702 calorem
947 1638 1181 1704 canicularium:

163 1726 287 1791 dierum
310 1726 351 1790 ad
378 1747 451 1790 eum
473 1748 541 1793 non
564 1725 765 1792 descendere.
835 1728 877 1793 10
912 1727 1039 1814 frigus
1078 1749 1167 1792 ama·

162 1815 253 1880 bile.
312 1816 477 1901 eleganter
521 1838 580 1899 pro
625 1814 741 1881 umbra
785 1815 991 1902 refrigeranti
1036 1819 1166 1882 calorem

164 1904 279 1970 aestiui
301 1905 456 1989 temporis
479 1905 567 1970 dixit.
638 1905 679 1969 13
706 1905 781 1970 fies
808 1905 997 1972 nobilium
1019 1908 1063 1972 t'u
1087 1927 1168 1990 quo-

124 2003 151 2047 20
165 2016 235 2078 que
257 1993 437 2058 fontium:
465 1997 502 2058 tu
525 2015 651 2079 quoque
670 1994 755 2060 inter
769 1995 894 2060 nobiles
908 1996 1016 2060 fontes
1029 1996 1167 2061 nomina-

164 2082 250 2147 beris
283 2083 424 2146 carmine
456 2103 528 2148 meo
559 2082 771 2166 praedicatus.
848 2084 890 2148 14
929 2105 986 2149 me
1022 2085 1168 2150 dicente

165 2170 1169 2328 11111111111111111111·

166 2345 235 2410 diee
263 2337 434 2429 erumpant
463 2369 565 2432 aquae
594 2347 696 2414 fontis
727 2349 833 2416 huius.
873 2313 1037 2437 'loquaces
1072 2355 1169 2416 autem

125 2434 317 2520 olympias
341 2434 430 2520 dixit,
452 2435 547 2522 quod,
570 2437 647 2501 dum
662 2437 700 2502 de
716 2460 792 2505 saxo
808 2439 941 2528 cadunt,
964 2443 1170 2526 perstrepant.

582 2630 654 2687 ODE
674 2639 700 2700 3,
720 2639 761 2689 14.

255 2736 437 2804 Herculis
460 2739 539 2806 ritu
561 2741 672 2807 modo
690 2742 720 2806 d.
764 2741 845 2808 haec
858 2737 930 2832 ᾠδὴ
944 2745 980 2809 in
993 2744 1169 2832 Augustum

168 2827 320 2891 scribitur
356 2829 514 2894 uictorem
552 2851 591 2894 ex
620 2829 781 2915 Hispania
814 2836 1039 2898 reuertentem.
1093 2833 1169 2918 quod

167 2918 276 2979 autem
298 2914 431 2981 Herculi
452 2919 545 2983 illum
567 2924 742 3004 comparat,
764 2919 836 2986 ideo
860 2921 947 3008 facit,
969 2926 1006 2988 ut
1027 2922 1170 2989 ostendat

128 3033 154 3076 ω
167 3002 295 3068 labores
318 3025 392 3069 eum
414 3026 482 3071 non
504 3028 562 3090 per
585 3009 676 3092 alios,
699 3008 755 3073 sed
777 3031 835 3094 per
858 3033 892 3076 se
915 3011 1145 3078 administrare.

169 3092 190 3156 2
221 3095 342 3158 morte
375 3096 549 3159 uenalem
580 3097 742 3181 petiisse
774 3099 938 3165 laurum:
962 3122 1058 3186 quam
1081 3102 1169 3166 etiam

168 3185 271 3245 morte
303 3186 437 3265 paratus
469 3188 519 3248 est
546 3206 659 3250 emere.
703 3208 772 3254 non
799 3189 887 3253 enim
914 3191 1002 3255 omni
1025 3190 1119 3256 modo
1140 3190 1169 3251 iu

241 3397 257 3444 2
290 3393 368 3446 cabis
394 3393 492 3446 acutus
516 3393 610 3466 Pauly
632 3397 668 3464 ef.
701 3387 791 3453 Varro
818 3399 853 3453 L.
876 3399 910 3455 L.
930 3405 961 3469 ⁷,
988 3405 1038 3456 46:
1068 3403 1169 3458 catura-

170 3461 302 3514 eatusM
353 3463 530 3518 4cermsM
582 3469 756 3538 ocaptuM
807 3471 1020 3528 8font1busM
1072 3480 1103 3528 11
1118 3488 1170 3525 am·

167 3529 276 3585 fibolon
295 3533 334 3586 M
395 3539 428 3587 12
448 3534 594 3594 donauerrs
614 3539 653 3592 M
669 3539 711 3594 bis
770 3546 804 3596 23
824 3543 936 3600 radreae
956 3545 995 3599 M
1046 3551 1078 3600 25
1097 3561 1169 3613 aym·

169 3601 212 3655 fas
231 3601 270 3655 M
337 3604 476 3672 cadantg
547 3613 580 3662 31
600 3611 703 3678 petisse
722 3611 761 3665 M
844 3620 878 3670 32
897 3617 1001 3672 temere
1021 3617 1059 3672 M
