2416 3934
416 139 487 198 ona
505 142 540 209 11,
561 148 594 197 re
613 144 642 196 a
662 149 703 196 ιτ.
1026 145 1069 212 69

76 324 171 368 menae
192 300 324 368 Graiae’
353 307 461 368 autem
487 305 560 372 idco
590 304 684 389 dixit,
714 307 800 390 quod
822 306 903 372 haec
926 307 1071 376 carmina

76 391 107 456 ad
126 391 334 458 imitationem
358 391 555 460 Graecorum
578 394 706 460 scribat.
743 393 881 460 Graiae
905 397 1069 482 genitiuus

75 480 229 566 singularis
252 483 310 548 est.

469 568 542 626 ODE
562 576 587 638 2,
608 575 650 626 1⁷.

146 673 220 740 Gur
245 697 302 740 me
326 678 512 762 querellis
535 680 732 743 exanimas
755 680 843 745 tuis.
888 680 969 746 haec
992 680 1097 746 dicite

72 764 205 830 adridens
232 764 415 831 Maecenati
442 772 575 854 aegroto
604 769 749 854 grauiter
775 771 924 854 querenti
954 771 993 834 de
1015 791 1069 855 pe-

69 855 155 918 riculo
182 854 297 919 salutis
325 877 402 920 suae
429 860 592 942 negatque
623 879 656 924 se
689 857 772 923 uelle
804 860 1011 943 superstitem
1041 859 1071 923 ei

69 943 177 1026 uiuere,
209 945 342 1008 mutuae
374 945 518 1010 caritatis
549 946 687 1031 pignora
719 947 957 1012 commendans.
996 1025 1000 1034 ψ
1048 949 1070 1012 2

69 1032 217 1096 amicum
246 1031 300 1097 hic
323 1054 383 1117 pro
407 1038 501 1119 grato
523 1035 642 1118 posuit.
732 1035 753 1101 5
781 1037 812 1102 a!
840 1040 878 1102 te
905 1058 1009 1102 meae
1037 1037 1070 1101 si

68 1123 200 1202 partem
226 1121 376 1188 animae
398 1123 502 1208 repit
523 1125 713 1190 maturior
735 1126 795 1190 uis
823 1125 913 1209 quid
940 1144 1111 1190 mororm

68 1209 184 1274 altera.
210 1232 327 1275 sensus
336 1216 511 1296 conceptus
522 1217 572 1278 est
581 1234 620 1277 ex
629 1213 685 1278 illa
699 1213 859 1279 amicitiae
873 1214 1071 1299 definitione,

67 1319 135 1381 quae
153 1299 234 1364 dicit
252 1300 428 1365 amicitiam
447 1302 589 1366 animam
607 1325 708 1367 unam
722 1325 791 1368 esse
805 1303 841 1366 in
855 1303 918 1368 duo
933 1325 1070 1388 corpora

66 1388 196 1452 diaeum.
236 1409 314 1474 ergo
335 1390 394 1453 ait:
418 1390 445 1455 ri
467 1394 500 1454 te
523 1391 574 1456 uis
597 1391 707 1457 fatalis
731 1392 898 1456 sustulerit
921 1393 1070 1476 amicum,

66 1498 134 1560 quac
155 1499 236 1562 pars
260 1481 311 1542 est
333 1477 435 1544 altera
458 1479 585 1544 animae
609 1502 708 1565 meae,
730 1484 857 1565 partem
881 1503 963 1565 quae
984 1481 1070 1565 apud

65 1586 106 1628 me
133 1569 183 1630 est
206 1587 277 1631 non
299 1567 461 1652 retinebo,
488 1591 552 1653 quo
576 1569 738 1655 signifieat
760 1591 828 1634 non
851 1591 885 1634 se
908 1571 937 1634 ei
961 1589 1110 1654 super-15

65 1655 225 1720 uicturum.
318 1657 335 1719 7
368 1678 437 1722 nec
469 1677 580 1723 carus
613 1680 731 1744 aeque
763 1681 833 1725 nec
862 1662 1069 1744 superstes.

65 1764 113 1807 neo
140 1766 251 1830 carus,
283 1745 403 1830 inquit,
435 1746 491 1811 elii
520 1747 648 1812 futurus
679 1749 773 1815 sicuti
804 1749 865 1813 tibi
897 1771 978 1832 sum,
1009 1769 1070 1812 nec

65 1833 215 1919 integram
238 1835 342 1898 uitam
365 1834 546 1924 habiturus,
566 1840 660 1920 parte
685 1838 807 1904 scilicet
829 1839 956 1902 animae
979 1859 1070 1902 meae

64 1922 145 1987 inte
173 1923 330 1987 extincta.
420 1923 439 1988 8
467 1924 644 2010 integer?
672 1927 739 1991 ille
763 1927 843 1992 dies
866 1930 1069 2010 utramque

64 2010 119 2074 dr.
154 2011 271 2076 idest:
294 2033 379 2076 unus
393 2011 541 2098 idemque
559 2014 615 2080 ille
638 2016 705 2080 dies
728 2019 899 2099 utrumque
922 2018 1070 2080 nostrum
1083 2035 1110 2076 ao

64 2100 209 2168 absumet.
280 2101 300 2166 9
331 2122 408 2166 non
438 2123 508 2188 ego
535 2103 728 2186 perfidum
751 2103 830 2168 dixi
854 2124 1069 2168 sacramen-

63 2191 138 2254 tum.
194 2189 230 2254 id
264 2193 327 2254 est:
359 2211 427 2256 non
459 2191 617 2276 perfidum
643 2192 866 2258 iusiurandum
889 2192 928 2256 de
951 2192 1012 2256 hac
1034 2215 1069 2256 re

63 2277 292 2362 interpositum.
385 2279 423 2343 11
459 2301 676 2364 supremum
712 2303 869 2365 carpere
900 2281 976 2346 iter
1009 2301 1069 2345 co·

63 2366 163 2432 mites
205 2368 344 2452 parati.
411 2390 628 2453 supremum
665 2371 739 2435 iter
775 2370 855 2436 illud
892 2369 970 2435 dicit
1006 2392 1069 2453 quo

64 2457 144 2537 quasi
166 2456 210 2521 ad
234 2455 356 2522 inferos
379 2456 453 2521 itur.
528 2458 570 2523 14
596 2481 666 2524 nec
692 2462 722 2526 ei
747 2481 856 2524 resur
889 2463 928 2523 at
950 2458 1110 2523 ocuti-25

64 2565 185 2610 manns
216 2545 329 2631 gigas
357 2546 522 2612 diuellat
549 2570 733 2633 umquam.
780 2550 813 2629 [a
835 2479 883 2634 tel
907 2548 1071 2612 sciliceta

64 2634 234 2719 proposito,
256 2634 295 2700 de
319 2657 383 2719 quo
407 2636 493 2721 apud
515 2640 548 2702 te
571 2659 659 2702 nune
681 2639 797 2722 loquor
816 2641 848 2701 et
867 2640 942 2701 ante
956 2636 1070 2700 iuraui.

143 2723 184 2788 17
213 2744 279 2788 seu
301 2724 403 2788 libra
426 2746 492 2790 scu
515 2749 557 2791 m.
581 2749 605 2791 s.
628 2727 651 2791 f.
710 2747 824 2790 sensus
848 2729 909 2790 est:
932 2724 969 2788 in
992 2745 1069 2808 quo-

65 2832 191 2897 cumque
225 2812 320 2899 signo
353 2813 471 2879 horum
506 2812 725 2900 horoscopum
760 2813 943 2880 natiuitatis
979 2834 1070 2877 meae

65 2903 269 2966 constitutum
291 2900 411 2987 habeo,
437 2901 517 2968 haec
536 2903 700 2989 intellego,
722 2908 778 2970 tuo
798 2903 981 2988 horoscopo
995 2924 1070 2969 con·
1085 2923 1111 2964 ao

65 2992 164 3056 uenire
188 3012 227 3056 ao
250 3012 308 3075 per
331 2990 394 3056 hoc
417 3013 515 3056 unam
539 2993 685 3078 genesim
703 3015 764 3059 nos
777 2993 894 3058 horum
909 2993 1072 3077 aequitate

65 3077 183 3145 habere.
278 3079 318 3144 19
360 3102 426 3144 seu
468 3084 661 3164 tyrannus
697 3082 909 3167 Hesperiae
946 3081 1071 3165 capri·

67 3189 199 3234 cornus
223 3192 254 3234 u.
314 3173 491 3252 tyrannum
514 3192 602 3236 nunc
624 3170 696 3236 ideo
720 3171 801 3235 dixit
825 3171 911 3254 quod
933 3170 1071 3234 hiemale

66 3257 186 3342 signum
195 3261 259 3341 est3
273 3279 351 3324 nem
366 3259 468 3324 o'ritur
482 3263 572 3325 sexto
587 3260 711 3325 decimo
725 3259 880 3325 kalendas
893 3258 1073 3344 Ianuarias,

68 3449 122 3488 nen
140 3435 179 3488 M
241 3433 440 3503 cassidensg
503 3441 660 3490 9s1maeo
680 3436 718 3489 M
780 3441 813 3488 12
833 3451 918 3503 quam
938 3433 977 3486 M
1038 3439 1071 3488 13

69 3503 178 3561 diuisam
197 3505 298 3562 addedd
353 3511 384 3562 16
404 3508 539 3577 superstrs
559 3507 597 3561 M
650 3513 683 3561 19
701 3506 755 3560 scii.
774 3521 802 3558 a.
823 3509 920 3572 Spart
937 3504 990 3556 set.
1010 3506 1070 3554 ae

70 3581 99 3628 ut
114 3578 145 3632 in
164 3579 202 3632 M
253 3583 288 3632 26
308 3593 325 3631 a
343 3579 372 3632 te
391 3577 535 3633 delendum
552 3579 664 3632 uidetur
728 3581 762 3630 28
780 3575 835 3630 lrra
854 3574 893 3627 M
961 3577 995 3624 29
1014 3570 1071 3636 sig-

70 3663 157 3704 norum
174 3649 361 3718 horoscopum
380 3666 398 3718 ς
456 3654 491 3704 30
509 3649 562 3703 hoc
581 3667 599 3715 ς
658 3654 690 3702 31
710 3648 809 3700 horum
827 3659 891 3698 uos:
908 3657 1017 3696 morum
1034 3638 1073 3690 M
