2416 3934
141 117 163 180 6
526 111 597 167 ona
617 113 638 181 1,
657 117 673 166 2
693 113 723 166 a
740 117 765 164 e.

140 279 236 362 nisse,
254 276 340 362 quod
357 297 473 361 passus
493 277 536 339 sit
554 296 609 340 eos
628 274 713 338 bello
733 272 820 338 ciuili
837 274 968 338 uastum.
1014 273 1056 338 37
1079 273 1160 338 heu

140 367 255 432 nimis
283 367 398 451 longo
428 387 452 429 s.
474 365 508 428 l.:
541 363 629 428 ludo
657 362 741 428 belle
762 382 837 445 pro:
864 362 965 446 bello3
991 363 1044 428 hic
1067 361 1160 428 enim
1186 394 1193 409 ·

141 455 268 521 uidetur
296 456 387 520 lusus
412 474 481 518 esse
503 450 627 516 Martis.
696 451 738 515 39
767 472 852 516 acer
880 454 918 516 et
939 449 1063 516 Mauri
1089 473 1161 536 pe·

141 545 235 610 ditis
264 545 463 609 cruentum
486 563 516 625 q.
538 540 559 604 i.
582 539 613 604 h.
649 537 773 604 Mauri
799 561 859 624 pro
887 540 1080 604 cuiuslibet
1103 562 1159 604 ac-

114 634 210 718 ccipe
237 633 409 698 bellicosae
436 630 557 716 genlis3
590 628 729 712 speciem
756 627 843 693 enim
869 649 928 713 pro
959 648 1075 712 genere
1097 651 1158 712 po·

142 723 214 788 suit.
272 722 315 786 41
341 721 421 786 siue
444 721 592 784 mutata
618 718 794 782 iuuenem
821 716 959 802 figura.
1006 717 1159 782 adulaiur

141 810 305 896 Augusto,
327 808 522 875 Mercurium
546 827 619 872 eum
642 805 752 871 dicens
775 826 854 870 esse.
913 806 957 872 45
981 827 1086 871 serus
1115 807 1159 870 in
1200 829 1201 832 ¹

141 900 288 964 caelum
319 921 344 963 r.
374 898 517 962 suauiier
548 898 641 979 ophel
667 895 820 980 Augusto⁴
851 896 1084 978 [mercurium]‚
1119 899 1160 959 ut

141 988 196 1051 diu
219 987 318 1052 uiuat.
376 986 418 1050 47
442 1006 540 1050 neue
563 987 600 1048 ie
623 984 770 1048 nostris
793 983 905 1048 uitiis
927 985 1101 1068 iniquum
1128 1006 1159 1049 o.

101 1094 127 1132 10
141 1098 169 1140 a.
192 1078 215 1139 l.
259 1076 340 1140 bene
362 1074 443 1139 haec
465 1073 625 1156 dicuntur,
648 1073 724 1157 quia
746 1072 787 1136 sd
809 1071 1006 1138 Mercurium
1026 1073 1160 1138 uidetur

140 1165 243 1248 loqui,
271 1164 327 1248 qui
353 1163 483 1228 uolueer
506 1163 584 1228 deus
608 1165 666 1226 est.
713 1161 809 1226 simul
832 1162 997 1247 eleganler
1019 1164 1052 1226 el
1073 1162 1160 1226 illud

141 1253 270 1338 oblique
294 1255 394 1338 optol,
416 1255 454 1316 ul
470 1254 546 1335 posl
564 1271 730 1314 excessum
748 1249 917 1336 Augustus
935 1250 1028 1316 diuus
1046 1249 1160 1316 factus

140 1342 314 1425 recipiatur
340 1342 377 1406 in
403 1340 536 1406 caelum.
604 1339 646 1403 47
674 1339 823 1403 nostris
854 1340 965 1404 uitiis
987 1339 1008 1404 i.
1043 1342 1161 1404 utrum

141 1429 182 1496 sil
204 1431 290 1495 bella
313 1429 420 1496 ciuilia
442 1429 583 1494 referens
607 1429 666 1510 aii,
695 1449 737 1491 an
763 1427 861 1492 latius
890 1431 923 1492 el
943 1427 1007 1494 hoc
1029 1428 1160 1492 inbelle-

102 1518 258 1604 agean?
326 1519 369 1582 48
398 1518 506 1582 ocior
533 1516 771 1581 euralollal.
816 1537 876 1600 pro
901 1517 1005 1582 ‘ocius
1027 1517 1162 1601 tollal'3
1205 1563 1206 1584 i

141 1607 251 1691 σχῆμα
272 1599 456 1690 ὑπαλλαγή.

568 1745 639 1800 ona
660 1752 684 1812 1,
703 1751 728 1798 a

231 1853 291 1920 Sic
313 1857 351 1918 te
375 1853 464 1919 diua
486 1858 624 1939 polens
649 1852 774 1938 Cypri.
807 1853 848 1918 ad
866 1875 984 1919 nauem
1009 1849 1164 1939 loquitur

142 1965 205 2029 qua
227 1942 391 2030 Uergilius
413 1942 561 2009 Alhenas
583 1943 730 2028 petierat,
757 1940 896 2007 adorans
919 1964 998 2026 eam,
1020 1946 1058 2008 ul
1081 1965 1165 2008 eum

101 2051 127 2090 20
141 2033 336 2098 ineolumem
349 2032 498 2115 perferat.
544 2033 565 2097 2
591 2033 647 2097 sic
668 2031 811 2096 fratres
834 2030 1003 2096 Helenae
1025 2031 1165 2096 lucida

142 2120 276 2184 sidera.
314 2121 423 2205 σχῆμα
442 2117 644 2204 ἐπεξήγησις,
662 2121 739 2205 quia
755 2120 872 2184 fratres
886 2118 1029 2185 Helenae
1047 2121 1165 2186 lucida

143 2207 250 2272 sidera
281 2210 369 2291 sunl,
400 2211 445 2271 ut·
464 2205 677 2292 Uergilius:
715 2207 941 2294 Effugimus
974 2211 1165 2294 scopulos

140 2294 298 2362 Ithacae
331 2294 486 2360 Laertie
516 2318 645 2382 regna.
695 2300 825 2362 constal
857 2302 965 2363 autem
995 2297 1164 2383 hodieque

140 2385 224 2448 inter
260 2387 377 2450 nautas
411 2382 554 2450 Castoris
586 2391 619 2450 ei
649 2385 790 2453 Pollucis
824 2388 934 2454 stellas
965 2387 1166 2472 plerumque

99 2491 126 2530 25
139 2472 277 2538 nauibus
300 2473 489 2539 manifeslas
513 2495 591 2540 esse.
654 2475 837 2559 lIapyqa:
869 2477 972 2561 Iapyx
993 2479 1112 2541 uentus
1141 2499 1167 2540 a

139 2561 271 2646 regione
299 2562 383 2627 unde
409 2561 468 2628 flat
495 2563 619 2629 dicitur.
665 2563 803 2650 Iapygia
834 2567 942 2629 autem
973 2568 1040 2650 esi,
1071 2587 1166 2650 quae

139 2671 226 2716 nuno
239 2652 359 2737 Apulia
378 2651 567 2737 appellatur.
604 2654 747 2739 sicergo
771 2654 890 2740 optime
911 2654 974 2718 hoe
995 2656 1093 2720 uenio
1118 2676 1167 2718 ex

139 2737 236 2805 Iialia
262 2741 409 2806 Athenas
437 2742 625 2829 nauigatur,
652 2743 830 2807 etidcirco
863 2745 967 2827 optat,
1002 2765 1044 2808 ne
1070 2743 1167 2808 alius

139 2827 196 2890 fiel
223 2852 320 2912 quam
348 2831 417 2915 ipse
444 2832 614 2916 nauiganti
636 2829 790 2918 Uergilio.
859 2831 880 2898 5
908 2853 1002 2918 quae
1031 2831 1107 2897 tibi
1133 2855 1166 2896 c.

211 3026 245 3074 22
264 3021 333 3077 Aen.
353 3029 378 3090 3,
398 3029 449 3078 aia

211 3180 319 3260 luelle
339 3181 377 3236 M
447 3182 601 3252 3ludusg
675 3189 707 3238 12
727 3184 808 3240 oblat
826 3185 865 3238 M
940 3190 975 3238 14
992 3199 1027 3238 ex
1043 3181 1100 3238 hoc
1121 3181 1170 3237 Μ

204 3251 423 3331 putellegiturg
495 3255 701 3309 15001oraM
779 3261 814 3310 20
831 3254 991 3310 incolumen
1006 3254 1044 3308 M
1122 3260 1163 3308 21

72 3381 78 3392 Ι
140 3320 342 3378 schussel(
361 3323 399 3376 M
504 3330 539 3378 22
557 3327 591 3380 ut
612 3330 699 3382 ..23
717 3342 818 3396 regna,
842 3343 911 3396 quoe
933 3325 1012 3382 iaM
1029 3330 1096 3394 post
1116 3331 1166 3381 25

140 3405 199 3445 esse
219 3391 356 3460 loquatur,
374 3397 534 3463 transposui
614 3403 648 3452 23
667 3397 729 3466 itha
747 3397 881 3452 caelestia
900 3397 938 3452 M
1012 3402 1045 3450 26
1063 3396 1166 3450 mani-

138 3459 226 3516 festas
243 3479 308 3518 uos:
325 3463 442 3520 infestas
462 3464 500 3519 M
569 3467 678 3538 Iapyge
695 3483 746 3523 om.
765 3468 889 3539 ctIep1x
908 3469 947 3522 M
1014 3468 1120 3523 uentus
1142 3483 1167 3522 a

139 3546 203 3585 uos:
220 3535 340 3589 uentosa
358 3535 397 3588 M
466 3541 500 3590 27
519 3553 559 3591 sic
574 3537 624 3590 M:
642 3538 748 3607 dicitg
820 3541 928 3610 optimo
943 3539 981 3594 M
1051 3543 1085 3594 28
1105 3554 1167 3592 na-

3 3657 5 3660 ,
139 3602 253 3672 uigaiur
271 3621 334 3660 uos:
352 3622 482 3675 nauigan
502 3607 541 3660 M
