2426 3934
317 147 497 204 EPISTULA
515 148 548 217 11,
570 154 593 216 1,
614 153 727 204 sr-ra.
983 149 1049 214 315

40 313 199 394 tamquam
213 309 324 374 senilis
342 309 490 375 doctrina
508 313 541 374 ct
559 311 663 395 gloria
682 311 884 376 adscribatur
897 309 1048 396 Pacuuio,

40 397 132 463 Accio
156 418 232 463 uero
248 397 384 463 altitudo
398 400 523 484 ingenii
537 400 780 485 sublimitasque
799 400 982 465 uerborum.
1006 422 1049 464 an

41 487 128 550 ambo
161 507 253 552 66666
281 487 420 573 gloriam
448 492 702 574 consequuntur,
739 491 821 554 alter
853 489 940 554 docti
970 489 1050 554 alter

40 575 91 638 alti
124 575 419 662 tragoediographi.
514 577 556 642 57
594 577 738 642 dicitur
773 577 914 642 Afrani
949 581 1049 662 toga.

41 665 126 747 bene3
163 667 293 750 togatas
322 667 408 730 enim
431 666 561 749 scripsit
583 665 751 752 Afranius,
783 668 819 732 in
842 667 958 751 quibus
982 665 1076 731 Mes

41 753 149 817 nandi-i
172 753 284 818 stilum
306 754 434 820 uidetur
457 755 610 821 imitatus,
697 756 739 822 59
776 757 933 821 uincere
957 753 1048 822 an-

40 842 145 907 cilius
193 843 390 928 grauitate
428 844 635 909 Terentius
681 849 775 910 arte.
832 844 1049 909 utrumaltcr

39 931 167 996 alterum
182 933 285 996 uincit
298 953 341 997 an
355 936 478 999 ceteros
492 933 671 999 uniuersos.
734 935 779 1000 60
801 933 870 999 hos
894 934 1048 999 ediscit:

39 1019 67 1082 in
84 1019 213 1086 scholis.
282 1021 325 1086 60
348 1022 477 1088 ethos
502 1024 585 1088 arto
610 1024 770 1106 stipate:
794 1023 829 1086 in
849 1023 1050 1107 spectaculis.

96 1109 137 1173 61
162 1109 295 1175 habet:
311 1111 412 1176 credit
422 1111 510 1176 ducit
525 1111 696 1177 existimat.
743 1112 786 1176 62
806 1112 851 1176 ad
870 1114 1047 1177 nostrum
1063 1134 1089 1174 ro

38 1201 180 1283 tempus
203 1199 242 1263 L.
264 1219 288 1265 s,
311 1221 340 1264 a,
363 1221 393 1264 a.
416 1200 496 1266 ordo
520 1203 585 1265 est:
614 1201 655 1264 ab
679 1222 759 1266 aeuo
782 1198 856 1264 Liui
880 1202 1047 1285 scriptoris

39 1307 128 1371 usque
153 1288 196 1352 ad
218 1291 367 1354 nostrum
390 1292 518 1373 tempus
566 1289 599 1370 [l.
619 1311 643 1354 s.
663 1312 689 1354 a.
714 1312 741 1354 a.
775 1289 853 1354 ordo
877 1294 927 1354 est
949 1290 990 1353 ab
1010 1311 1047 1353 ae

38 1376 76 1438 uli
97 1377 265 1462 scriptoris
287 1374 583 1532 usqueLquaedam
620 1382 719 1462 recte,
765 1377 923 1462 quaedam
946 1399 1047 1460 praue

39 1464 149 1529 iudicat
176 1466 327 1551 populus.
417 1467 519 1532 iuium
555 1469 664 1531 autem
700 1467 778 1531 dicit
814 1465 1048 1548 Andronicum,

39 1554 84 1635 qui
104 1555 232 1638 primus
255 1557 400 1621 omnium
422 1555 556 1622 Latinas
580 1555 707 1620 fabulas
731 1556 867 1639 scripsit.
936 1555 980 1618 64
1013 1554 1047 1617 si
1061 1575 1087 1616 rs

40 1646 183 1709 ueteres
219 1646 275 1710 ita
311 1647 483 1710 miratur.
528 1645 590 1710 hoc
613 1648 732 1728 peccat.
801 1645 844 1709 66
877 1644 910 1708 si
933 1664 1046 1727 quae-

39 1731 111 1796 dam
134 1733 250 1799 nimis
274 1735 441 1818 antique.
469 1735 530 1800 hoe
549 1739 683 1798 rectum.
742 1733 784 1797 61
809 1731 1047 1817 166666666-

39 1821 156 1886 militer.
249 1823 291 1888 68
324 1822 473 1887 661666
496 1823 802 1905 iudicataequ0:
840 1821 995 1904 propitio,
1019 1820 1047 1884 si

39 1911 158 1991 quidem
182 1910 259 1976 Ioue
281 1912 365 1976 irato
389 1911 438 1994 fit,
470 1916 507 1976 ut
534 1914 642 1975 errent
668 1910 817 1975 homines
841 1931 878 1973 66
901 1909 1046 1974 delirent.

117 2000 161 2064 69
198 2020 275 2064 non
312 2000 486 2083 equidem
522 2001 707 2064 insector:
744 1998 831 2082 quod
858 1997 975 2062 uitium
997 2000 1088 2061 estao

39 2087 244 2154 obtrectantis
274 2088 424 2154 hominis.
492 2089 534 2153 69
572 2088 734 2152 delenda
772 2087 805 2167 [l.
827 2108 852 2152 e.
872 2087 909 2167 fl]
942 2085 1049 2150 faceta

39 2177 203 2242 subtilitas.
248 2199 316 2243 non
339 2198 468 2262 censeo,
499 2177 617 2262 inquit,
649 2176 821 2241 dolendum
844 2175 987 2259 Liuium,
1016 2178 1049 2240 66

39 2264 91 2329 166
114 2267 163 2330 illi
185 2266 320 2331 honoris
344 2288 441 2330 causa
464 2265 582 2350 defero,
604 2287 669 2331 666
686 2269 819 2349 propter
842 2269 1047 2330 uetustatem.

38 2375 103 2418 666
127 2377 166 2419 ex
188 2354 280 2418 libris
303 2356 372 2420 eius
396 2376 525 2439 666666,
552 2356 671 2439 inquit,
704 2355 846 2420 Orbilius
884 2354 1048 2439 quondam

39 2442 181 2509 librarius
205 2444 362 2529 magister
384 2444 465 2508 mihi
488 2444 608 2509 dictata
631 2444 822 2527 praebebat!
899 2444 941 2506 70
964 2442 1046 2524 pla·
1061 2460 1088 2502 66

39 2553 181 2615 gosum:
206 2553 339 2598 saeuum
354 2535 387 2596 66
401 2553 497 2617 saepe
515 2534 629 2618 plagas
643 2532 846 2595 inferentem.
916 2532 956 2594 71
982 2529 1047 2593 sed

37 2623 240 2686 emendata
284 2644 354 2687 non
389 2621 561 2686 delendum
591 2624 671 2706 puto
700 2618 842 2703 Liuium,
879 2618 936 2682 sed
964 2618 1047 2682 indi·

36 2729 112 2793 gnor
133 2712 228 2776 illum
255 2731 314 2794 pro
338 2711 481 2794 perlecto
511 2715 543 2775 et
566 2708 735 2775 emendato
760 2711 890 2773 auctore
913 2707 1048 2772 laudari.

120 2801 162 2864 72
200 2804 238 2864 et
278 2801 424 2864 exactis
456 2822 498 2864 m.
529 2799 557 2864 d.
585 2822 626 2862 in
672 2797 817 2862 examine
854 2796 907 2860 uel
939 2795 1047 2880 agina,

101 3029 246 3083 lsehms
264 3027 409 3082 adoctrrna
429 3029 468 3080 M
543 3043 644 3096 pacuio
665 3027 703 3079 M
781 3030 909 3079 3senes
928 3024 1048 3096 gloriam

36 3115 92 3152 666·
111 3100 265 3154 fenestram
285 3100 323 3152 M
389 3105 521 3153 4aeram
541 3099 579 3152 M
640 3098 738 3168 togato
758 3113 832 3151 emm
852 3096 891 3149 M
952 3103 1048 3150 6666-

37 3171 100 3225 cerda
119 3172 236 3225 accrhus
255 3171 426 3242 grau1tatem
445 3170 489 3223 ad.
511 3169 549 3223 M
628 3176 644 3223 8
677 3169 809 3222 alterum:
842 3168 939 3220 utrum
959 3165 997 3219 M

37 3239 83 3295 boc
102 3242 189 3296 edicit
209 3241 247 3294 M
316 3247 434 3310 bergos
455 3241 493 3294 M
565 3248 596 3295 11
617 3240 653 3294 ab
668 3238 742 3294 aeuh
760 3239 904 3307 scriptoris
924 3237 962 3291 M
1015 3243 1048 3290 13

37 3313 140 3368 racctae
167 3313 207 3366 M
282 3319 313 3366 17
339 3318 448 3367 rectum
470 3313 705 3380 comtemptum
728 3309 766 3363 M
838 3314 869 3363 18
895 3309 961 3362 baec
985 3322 1049 3362 aas:

37 3384 194 3510 lulli
211 3387 337 3510 Ml?
351 3383 661 3509 titillabat
694 3378 1050 3521 alisatiam

38 3471 70 3577 ll
121 3533 154 3581 23
174 3497 231 3581 n’on
250 3531 275 3581 ct
293 3497 477 3580 nan’adda'da·
555 3531 589 3579 26
609 3541 711 3580 aeuum
731 3524 770 3577 M
821 3520 994 3604 2766666616
1014 3520 1053 3572 M

100 3598 208 3653 lenium
228 3599 266 3652 M
336 3602 370 3652 28
389 3595 613 3665 1llumprofecto
634 3596 672 3648 M
760 3600 793 3649 29
822 3609 906 3662 agina
923 3608 982 3658 ace,
1001 3607 1050 3644 ex-

36 3681 122 3743 ammp
140 3669 188 3724 uel
206 3685 311 3742 pagine
332 3683 405 3736 quae
423 3683 489 3736 pars
508 3669 540 3721 66
558 3683 613 3721 ine
633 3668 677 3721 666
691 3666 730 3719 M
