2426 3934
315 169 385 224 aas
404 167 562 224 POETIOA
581 175 713 226 cre-114.
956 170 1020 234 349

21 335 135 399 dicitur.
214 332 257 398 88
295 353 361 397 cur
396 333 546 398 nescire
582 332 730 417 pudens
761 355 878 418 praue
912 356 1021 418 quam

21 424 157 488 discere
188 421 296 486 malo.
350 421 445 486 huius
478 443 592 487 uersus
625 443 739 486 sensus
771 423 846 488 talis
874 426 936 489 est:
965 445 1022 489 cur

22 512 96 576 malo
128 509 252 575 nescire
283 532 383 594 praue
415 510 607 576 erubescens
638 532 680 575 ne
712 510 824 575 uidear
854 512 1021 598 ignorasse

22 596 242 754 riarde
265 599 762 757 desudemus
776 603 1048 776 essue

22 779 97 862 pleri.
156 778 200 842 95
219 781 257 842 et
274 777 448 863 tragicus
467 779 696 864 plerumque
719 779 823 844 dolet
847 801 1022 846 sermone

22 868 190 950 pedestri.
244 867 345 952 exigit
371 887 466 951 saepe
494 871 527 932 et
553 867 734 953 tragoedia,
761 872 799 933 ut
820 869 1022 952 pedestribus

22 957 169 1020 scribatur
197 956 318 1040 uerbis,
350 959 387 1021 ut
409 977 481 1020 cum
511 956 626 1022 Peleus
658 957 711 1021 uel
740 956 902 1041 Telephus
933 959 1022 1045 regio

22 1046 123 1110 habitu
145 1048 272 1110 memte
295 1045 480 1130 loquantur.
511 1067 615 1130 neque
637 1046 724 1110 enim
744 1046 839 1111 debet
856 1047 892 1111 in
909 1047 1023 1114 habitu

22 1135 147 1199 mendici
169 1135 325 1200 auxilium
347 1138 461 1218 petens
483 1135 635 1220 regaliter
656 1135 753 1218 loqui.
813 1136 856 1199 97
879 1138 1023 1221 proicit
1038 1157 1063 1196 ιο

24 1225 211 1308 ampullas.
256 1223 319 1288 hcc
343 1245 362 1288 a
389 1222 627 1289 Callimacho
651 1224 796 1307 sustulit,
824 1226 910 1308 quod
933 1226 1022 1290 dixit.

95 1313 140 1379 98
170 1314 203 1377 si
232 1316 340 1377 curet
373 1335 437 1378 eor
469 1313 685 1397 spectantis
718 1314 900 1398 tetigisse
933 1337 1022 1400 que-

23 1402 104 1466 rella
126 1402 191 1467 hoc
215 1405 280 1466 est:
304 1402 332 1466 si
355 1402 388 1466 id
410 1403 488 1488 agit,
511 1407 548 1468 ut
570 1403 701 1468 adtente
724 1405 924 1489 spectantem
947 1404 1022 1469 flere

24 1495 112 1576 cogat.
182 1491 226 1557 99
254 1491 381 1556 dulcia
408 1497 532 1558 sunto.
577 1513 663 1579 nune
687 1492 779 1576 quasi
801 1493 906 1578 legem
928 1494 1023 1577 ponit

25 1585 48 1643 et
66 1580 230 1665 praecipit.
268 1583 381 1646 sunto
405 1582 488 1646 enirn
511 1585 544 1646 et
563 1585 706 1668 agunto
731 1580 820 1646 ‘sint'
844 1586 877 1646 et
900 1581 1021 1668 ‘agant’
1038 1603 1062 1642 15

27 1670 182 1754 significat.
237 1671 292 1734 sed
323 1670 412 1756 leges
445 1671 597 1755 antiquae
629 1671 681 1735 his
708 1671 775 1737 fere
804 1673 919 1756 plenae
947 1676 1023 1736 sunt

3 1759 288 1848 sslquasignifieant]
317 1759 434 1824 uerbis.
504 1761 568 1825 102
600 1760 632 1825 si
664 1761 721 1825 uis
754 1782 810 1826 me
836 1761 931 1825 flere
959 1761 1022 1825 du·

24 1849 164 1913 lendum
190 1853 249 1913 est
271 1848 433 1933 primum
451 1849 528 1932 ipsi
546 1849 628 1914 tibi.
661 1849 722 1915 hoc
736 1847 1022 1916 Demosthenicum

25 1941 68 2000 est.
101 1960 181 2003 nam
202 1959 276 2002 eum
301 1938 341 2001 ad
363 1939 455 2002 illum
477 1938 505 2003 is
529 1938 585 2022 qui
602 1939 815 2024 uapulauerat
833 1938 1022 2004 accessisset

2 2025 3 2088 l
23 2031 197 2113 peteretque
222 2027 400 2110 summisse,
422 2030 460 2092 ut
482 2050 614 2092 causam
638 2049 729 2093 suam
750 2031 861 2113 egeret
880 2049 917 2092 ec
936 2028 1063 2112 quoda

2 2159 3 2164 η
25 2135 121 2181 caesus
145 2119 246 2199 esset,
268 2117 403 2201 negauit
425 2139 460 2182 se
477 2117 653 2201 facturum,
676 2118 752 2201 quia
771 2119 827 2182 ille
841 2138 909 2181 non
923 2139 1022 2201 uapu-

24 2203 113 2270 lesset.
150 2206 208 2270 illo
232 2205 422 2270 adfirmante
445 2205 569 2273 fectum
587 2229 665 2285 esse,
689 2227 789 2292 aeque
808 2228 1024 2291 superuacues

2 2299 3 2386 l
25 2293 92 2358 dixit
114 2295 185 2360 eius
209 2295 374 2379 querellas.
411 2297 489 2361 tunc
513 2297 609 2361 tertio
628 2317 700 2361 cum
718 2295 882 2381 indignari
897 2295 1024 2397 uideret

23 2383 493 2558 leldttttdffitzltt
515 2384 1025 2558 ¹lll¹snlhilidlslttldltl
1039 2493 1064 2532 2⁵

23 2561 178 2628 irascente.
262 2563 325 2628 103
348 2565 439 2627 tunc
461 2567 527 2628 tua
550 2584 605 2626 me
628 2563 846 2628 infurtunia
868 2563 1024 2627 laedent

2 2649 49 2724 lid
78 2654 140 2716 est:
173 2655 251 2716 tune
286 2654 362 2716 tuae
398 2673 450 2716 me
484 2652 684 2717 calamitates
716 2653 906 2736 monebunt,
938 2652 1024 2736 quod

23 2736 128 2805 Graeci
160 2734 352 2826 ἀτυχήματα
388 2745 515 2807 uocant.
594 2741 657 2806 113
689 2739 850 2806 Romani
881 2741 1025 2806 tollent

24 2830 164 2912 equites
191 2831 420 2915 peditesque
453 2830 696 2896 cachinnum:
728 2831 847 2895 ridebit
878 2833 1025 2914 equester

24 2917 90 2982 crdo
122 2921 157 2983 et
186 2919 287 3002 plebs.
342 2919 517 2984 cachinnus
545 2923 654 2983 autem
682 2921 816 2984 uerbum
850 2920 1065 2985 secunduma

25 2999 276 3091 ὀνοματοποιίαν
298 3009 409 3074 fictum
432 3032 452 3073 a
476 3031 555 3075 sono
579 3009 672 3073 risus.
756 3009 820 3072 114
842 3009 1026 3073 intererit

85 3185 196 3240 emalo
215 3185 303 3239 deleat
389 3183 570 3254 5tragoednt
589 3185 627 3237 M
712 3183 870 3251 lpedestn
889 3183 926 3236 M
1009 3190 1025 3236 8

26 3254 117 3310 telefua
132 3256 170 3310 M
223 3262 256 3310 11
272 3252 346 3325 qdod
361 3257 411 3310 M:
430 3256 479 3324 qui
499 3255 593 3325 Pauly
611 3257 652 3308 itu
666 3259 698 3308 ut
716 3271 737 3307 e.
755 3270 781 3323 p.
800 3254 923 3309 Μοῦσαν
941 3249 1024 3321 ληκύ-

24 3327 97 3380 θειον
115 3329 246 3384 madeat
336 3333 368 3381 12
388 3327 543 3397 quaerellas
564 3327 600 3380 M
680 3327 716 3379 '13
736 3324 851 3380 adtente
871 3326 909 3378 M
994 3331 1025 3379 17

27 3395 83 3452 tuec
100 3399 195 3469 delesti,
214 3401 279 3468 fort.
300 3415 372 3468 quae
391 3398 564 3469 significauit>
657 3403 690 3452 18
709 3396 970 3451 demonsthemeum
991 3397 1029 3449 M

87 3476 120 3524 19
139 3470 383 3540 quauabulauerat
400 3476 425 3526 et
443 3476 475 3524 21
496 3469 658 3525 uabulasset
677 3469 715 3522 M
802 3474 836 3522 22
856 3483 944 3537 aeque
963 3483 1028 3521 nos:

25 3553 115 3609 elque
135 3543 171 3596 M
245 3549 279 3598 23
299 3560 363 3597 cum
382 3559 444 3597 eum
463 3539 605 3612 indignari
625 3539 735 3594 uideret
753 3541 782 3593 et
799 3542 859 3594 toto
879 3537 1027 3593 adfirmare

26 3629 39 3676 ς
105 3619 141 3668 26
157 3617 238 3669 tnnc:
258 3631 322 3670 cum
342 3615 380 3668 M
446 3619 480 3667 29
498 3611 609 3666 redebit
627 3616 652 3666 et
669 3612 750 3682 pleps
769 3611 937 3665 cachmnum
956 3609 994 3662 M

25 3686 53 3734 30
67 3684 193 3740 uerbum:
208 3685 275 3740 uerri
292 3685 329 3740 M
373 3692 404 3739 31
418 3677 702 3745 οηοΜὰΤΟΠΟΙΕΙὰΝ
716 3683 753 3736 Μ
761 3683 795 3748 ef.
807 3683 844 3736 ud
854 3681 926 3750 Epo.
937 3685 981 3748 10,
993 3685 1027 3734 17·
