2378 3934
317 131 439 186 suano
458 131 479 200 Ι,
499 139 524 200 3,
543 137 674 186 90-115.
938 134 1004 201 205

17 295 136 380 ratur,
157 295 246 360 idem
269 295 409 380 scrier
430 295 649 381 historiarum,
673 298 713 362 ad
728 320 808 382 quas
829 300 1003 366 audiendas

17 386 149 470 significat
172 385 306 449 solitum
330 385 428 449 fuisse
453 405 566 469 cogere
590 385 750 451 debitores
774 409 862 468 suos,
887 390 1003 474 quibus

18 475 111 540 scilicet
130 475 213 538 talia
236 473 347 538 audire
370 496 476 558 poena
499 475 693 558 grauissima
715 479 793 540 erat.
834 477 895 542 hoc
918 481 1004 544 enim

18 565 150 648 significat
173 567 353 648 porrecto
373 563 515 648 iugulo.
569 564 612 629 90
629 586 808 630 mensaue
828 567 1004 632 catillum

19 653 162 718 leandri
190 653 328 718 tritum
355 653 531 718 manibus
561 653 701 718 deiecit
729 655 774 719 ob
798 655 896 721 hanc
918 679 1031 722 rems

20 743 54 826 qui
84 743 123 806 de
166 743 349 826 personis
391 741 619 806 Horatianis
662 743 873 828 scripserimt,
914 747 1006 811 aiunt

19 831 180 896 leandrum
208 832 294 896 hunc
322 832 515 896 conlatorem
550 853 587 895 ac
618 831 747 914 plasten
775 837 955 899 statuarum
984 838 1005 916 t

19 943 91 1004 quare
124 919 237 986 Marco
274 921 419 985 Antonio
457 921 498 984 ab
535 919 673 985 Athenis
710 943 741 986 se
776 921 1006 989 Alexandriam

20 1011 211 1093 transtulisse,
244 1009 319 1074 inde
351 1010 437 1074 inter
467 1010 615 1094 captiuos
646 1010 785 1076 Romam
816 1014 1006 1097 perductum

20 1100 94 1162 nulta
124 1121 226 1184 opera
256 1099 419 1163 mirabilia
449 1099 572 1164 fecisse.
663 1101 705 1164 92
739 1105 804 1166 aut
835 1103 1006 1186 positum
1020 1130 1046 1168 ιο

19 1192 82 1252 ante
110 1211 196 1252 mea
223 1189 312 1274 quia
339 1188 496 1273 pullum.
555 1190 646 1253 ordo:
675 1190 750 1271 quio
776 1196 848 1255 uate
868 1194 1007 1273 positum

18 1279 111 1358 pillum
136 1278 171 1342 in
196 1299 267 1342 mea
290 1282 381 1361 parte
405 1277 504 1342 catini
525 1278 665 1342 sustulit.
724 1279 767 1343 96
791 1280 875 1364 quis
897 1281 1007 1364 paria

20 1389 78 1431 esse
99 1367 179 1431 tere
203 1367 350 1451 placuit
368 1370 529 1451 peccata
548 1367 730 1432 laborant
749 1389 832 1432 cum
850 1373 1007 1433 uentum

21 1457 49 1519 ed
76 1479 206 1520 uerum
243 1460 310 1521 est.
366 1478 502 1521 sensus
538 1477 740 1541 moresque
776 1461 1006 1542 repugnant.

22 1545 174 1610 Stoicorum
199 1545 318 1631 dogma
340 1545 555 1630 reprehendit,
579 1547 633 1629 qui
648 1546 757 1624 omnia
769 1551 902 1630 peecata
916 1548 1007 1632 paria
1022 1572 1047 1612 15

22 1658 69 1698 esse
88 1636 212 1718 dicunt,
240 1638 273 1700 et
304 1635 350 1700 ait
377 1656 417 1699 ne
441 1635 529 1719 ipsos
553 1635 682 1719 quidem
704 1635 739 1700 in
762 1635 823 1700 hac
846 1638 1007 1701 sententia

21 1745 192 1808 permanere,
213 1725 278 1788 nisi
301 1725 400 1789 uerbo
414 1728 510 1788 tenus
523 1724 590 1788 iam
603 1723 656 1788 hic
670 1727 827 1790 tractatus
842 1725 1008 1810 habeatur,

22 1815 58 1877 sed
83 1836 155 1878 uere
190 1815 228 1878 de
259 1814 399 1878 admisso
428 1817 609 1898 quaeratur.
700 1815 743 1878 98
777 1818 890 1899 etque
922 1816 1008 1898 ipsa

23 1904 148 1968 utilitas
181 1904 279 1968 iusti
310 1925 430 1988 prope
462 1906 584 1968 mater
616 1906 653 1967 et
683 1903 805 1988 aequi.
863 1903 1008 1967 nondum

24 1992 99 2076 uideo,
120 1992 283 2078 quomodo
306 1993 481 2058 utilitatem
504 1991 582 2056 iusti
605 1995 638 2056 et
661 1992 754 2077 aequi
772 1995 909 2056 matrem
923 1995 1008 2056 recte
1023 2017 1049 2056 eo

23 2080 119 2146 dixerit.
212 2083 274 2146 107
302 2103 390 2146 nam
417 2082 494 2146 fuit
523 2085 612 2146 ante
640 2079 829 2146 Helenam
861 2103 1008 2146 cunnus

23 2171 197 2236 teterrima
220 2171 323 2238 belli.
366 2170 428 2236 hoc
452 2192 489 2236 eo
512 2171 662 2255 pertinet,
684 2173 721 2234 ut
743 2170 859 2254 probet
876 2170 910 2235 id
924 2170 1010 2256 quod

22 2257 132 2343 dixerat,
164 2261 313 2326 homines
346 2261 430 2324 inter
463 2282 496 2324 se
529 2260 570 2324 ab
602 2259 695 2324 initio
728 2281 801 2324 cum
833 2261 898 2325 orti
934 2264 1011 2324 sunt

22 2370 121 2434 pugnas
149 2351 303 2416 habuisse
330 2350 435 2435 primo
458 2349 562 2414 ferino
586 2349 664 2430 rite,
693 2349 766 2414 dein
789 2349 946 2433 paulatim
970 2350 1010 2414 ad

24 2459 91 2502 euna
110 2441 314 2522 processisse.
406 2439 469 2503 113
499 2460 569 2503 nec
591 2441 732 2502 natura
754 2442 883 2522 potest
905 2439 1010 2503 iusto
1025 2462 1051 2502 as

24 2547 199 2593 secernere
217 2530 391 2614 iniquum
415 2526 559 2592 diuidit
581 2531 622 2592 ut
645 2527 744 2591 bona
767 2527 933 2592 diuersis
952 2528 1011 2591 fu·

24 2615 137 2697 gienda
159 2619 349 2703 petendis.
380 2639 457 2702 non,
480 2616 595 2701 inquit,
618 2617 665 2681 ita
687 2638 745 2701 per
767 2619 918 2680 naturam
933 2616 1011 2700 quid

10 2703 119 2770 'iustum
145 2707 224 2792 quid
252 2708 409 2772 iniustum
442 2706 485 2770 sit
511 2706 698 2791 intellegere
727 2705 798 2790 quis
826 2706 947 2789 potest,
975 2708 1012 2768 ut

25 2791 165 2880 intellegit,
188 2796 266 2880 quid
289 2796 368 2862 utile
392 2798 425 2860 et
447 2795 524 2880 quid
537 2794 651 2859 inutile
667 2794 718 2879 ait,
741 2797 798 2858 aut
811 2815 875 2878 quo
888 2794 1010 2858 malum

10 2903 38 2942 a
59 2883 132 2948 bono
159 2885 267 2950 distet.
360 2883 423 2950 115
449 2905 518 2950 nec
545 2879 679 2949 uincet
706 2884 808 2949 ratio
831 2885 903 2949 hoc
926 2887 1052 2948 tan-ae

27 2973 154 3038 tuudem
182 2977 226 3038 ut
252 2976 387 3058 peccet
418 2973 593 3058 idemque
626 2976 658 3037 et
689 2974 827 3057 reliqua:
859 2995 920 3038 nee
951 2973 1013 3038 hoe

28 3079 152 3145 unquam
180 3063 264 3128 ratio
293 3063 465 3147 obtinebit,
492 3066 530 3126 ut
558 3062 670 3126 eadem
696 3065 829 3145 peccata
856 3062 1014 3126 credenda

79 3293 163 3347 laha
183 3293 222 3346 M
324 3292 537 3348 teuendrrtum
555 3291 684 3346 manibus
704 3291 742 3344 M
844 3291 1014 3346 ssoratrams

31 3359 55 3412 ll
120 3365 306 3419 acelatorem
325 3359 364 3417 M
444 3365 632 3432 8quaerente
649 3363 694 3416 uel
713 3364 895 3418 auctoratos
985 3379 1015 3417 se

31 3431 110 3500 adlidi,
127 3435 323 3491 alexandrium
342 3436 380 3489 M
453 3440 483 3488 11
503 3451 548 3488 me
568 3449 636 3503 qma
655 3433 693 3486 M
771 3435 888 3488 haecce
906 3432 1016 3488 Acrone

32 3503 102 3560 uului
172 3506 405 3562 1311berantM
477 3511 508 3559 15
529 3505 629 3560 docme
648 3503 686 3558 M
757 3512 789 3560 19
807 3521 905 3574 prome
925 3505 964 3558 M

33 3575 53 3625 tt
66 3581 125 3633 recti
143 3579 182 3633 M
243 3583 278 3632 22
297 3577 448 3632 deterrima
467 3577 505 3630 M
566 3582 600 3630 23
619 3579 632 3630 ἑ
652 3575 696 3643 M,
715 3575 809 3644 sintg
871 3581 906 3628 24
923 3573 1015 3629 ferme

34 3641 56 3696 ll
111 3657 143 3706 29
163 3649 240 3719 quorl
258 3648 365 3702 malum
385 3649 424 3702 M
