2416 3934
414 125 485 182 ODE
506 127 539 194 11,
560 133 575 182 6
595 129 624 182 et
643 133 667 182 ⁷.
994 127 1038 194 55

43 288 165 352 Laconi
191 309 216 350 r.
243 286 280 350 P.
343 286 547 354 Phalanthus
570 288 844 355 Lacedaemonius
868 290 944 374 fuit,
972 315 1037 376 quo

41 379 152 440 auctore
176 380 209 440 et
231 376 377 460 principe
391 375 590 448 Partheniae¹
601 375 753 462 Spartani
767 379 943 444 Tarentum
963 402 1038 446 con-

41 465 182 529 diderunt.
247 465 289 528 14
311 465 376 529 ubi
398 486 475 531 non
497 465 683 550 Hymetto
707 468 821 532 mella
844 468 873 532 d.
897 492 921 532 e.
967 469 1038 553 Hy-

40 557 140 618 mettos
163 575 259 619 mons
281 557 331 618 est
353 554 482 619 Atticae
511 555 557 636 [id
580 558 631 620 est
652 557 687 620 in
710 553 848 640 enicat
876 557 932 622 ubi
956 560 1038 644 opti-

40 666 113 706 mum
134 645 200 707 mel
221 643 374 708 nascitur.
422 643 614 709 decedunt
637 665 714 730 ergo
738 639 812 710 ἀντὶ
835 647 896 711 τοῦ
916 649 947 728 [e
963 667 1065 712 oon-5

40 733 136 812 trario]
164 731 298 797 cedunt:
328 734 535 817 conpositum
566 756 625 818 pro
656 734 794 818 simplici
824 739 886 818 est,
916 736 949 800 id
980 742 1038 819 est,

40 821 150 884 redunt.
188 842 303 886 sensus
324 825 375 886 est
397 825 521 886 sutem:
544 822 601 886 ubi
624 823 687 886 mel
710 824 863 907 nascitur,
886 825 973 908 quod
997 826 1037 889 ab

40 910 133 973 Attieo
161 930 232 974 non
258 910 416 974 uineatur.
510 911 551 975 15
579 911 773 996 uiridique
797 917 922 978 oertat
944 914 1038 978 baoa

38 997 206 1064 Uenafro.
257 995 378 1063 Groeoa
404 999 511 1085 figura
538 999 659 1064 dictum
687 1005 737 1066 est
760 1000 818 1066 ‘illi
841 1001 955 1067 certat’
978 1025 1037 1087 pro

40 1085 109 1150 ‘oum
134 1088 191 1152 illo
220 1086 343 1152 certat'.
392 1089 487 1154 baca
515 1092 623 1154 autem
650 1113 709 1174 pro
740 1091 827 1155 oliua
855 1091 944 1156 dixit.
990 1093 1078 1156 ui-10

39 1177 116 1240 detur
143 1197 221 1262 ergo
251 1177 446 1262 significare,
473 1178 509 1242 in
535 1178 712 1243 Tarentino
741 1200 819 1263 agro
842 1181 908 1245 tale
931 1181 1038 1245 oleum

38 1265 121 1348 nasei,
144 1267 240 1349 quale
264 1267 307 1330 sit
324 1265 556 1332 Venafranum.
619 1268 658 1332 18
683 1271 720 1331 et
743 1269 887 1332 amicus
911 1269 1038 1333 Aulon

39 1353 146 1418 lertili
169 1353 331 1419 Baooho.
373 1355 483 1420 Aulon
505 1357 595 1420 loeus
620 1359 670 1420 est
692 1359 805 1422 eontra
827 1356 1038 1421 Tarentinam

38 1444 190 1527 regionem
212 1443 302 1507 ferax
324 1444 403 1508 boni
424 1445 502 1508 uini.
577 1445 617 1510 19
642 1446 837 1510 minimum
860 1445 1037 1510 Falernis

38 1532 168 1597 inuidet
191 1533 278 1597 uuis
321 1555 381 1616 pro
405 1532 484 1598 ‘non
506 1532 652 1618 inuidet’,
675 1533 750 1618 quio
772 1533 894 1599 soilioet
915 1557 983 1599 non
1000 1535 1038 1598 fit
1052 1557 1077 1595 ιτ.

38 1621 71 1683 ibi
96 1621 238 1686 deterius
265 1623 378 1686 uinum
408 1644 505 1707 quam
534 1623 570 1687 in
597 1623 737 1688 Falerno
768 1643 856 1708 agro.
914 1624 1038 1690 inuidet

39 1710 108 1772 enim
130 1714 271 1794 tantum,
293 1713 349 1794 qui
369 1711 505 1776 inferior
526 1716 584 1776 est.
638 1713 681 1776 22
704 1712 759 1776 ibi
782 1716 824 1776 tu
847 1713 1037 1778 calentem

40 1798 153 1864 debita
192 1821 351 1886 sparges
382 1801 544 1865 lacrima
574 1800 751 1865 fauillam
784 1801 885 1865 uatis
917 1802 1037 1866 amioi.

12 1945 13 1948 ,
38 1889 164 1972 eleganti
186 1888 293 1974 figura
317 1887 509 1973 Septimium
533 1889 595 1954 sibi
618 1891 823 1974 superstitem
847 1890 981 1973 optauit.

12 1973 14 1996 '
37 1977 70 2040 24
89 1977 192 2066 natis
216 1979 337 2044 amici.
382 1979 501 2063 legitur
523 1982 556 2042 et
578 1980 683 2044 uatis
707 1979 854 2043 Horati.
1052 2003 1078 2040 ao

451 2169 525 2225 one
545 2177 569 2240 a,
589 2177 613 2227 a.

111 2279 138 2344 Ο
167 2301 282 2363 saepe
310 2301 454 2344 meeum
477 2283 588 2365 temp.
611 2281 650 2344 in
673 2281 851 2346 ultimum
880 2282 909 2345 d.
932 2280 968 2345 B.
996 2305 1038 2346 m.

39 2367 60 2430 rl.
96 2369 157 2433 hae
184 2362 256 2455 ᾠδῇ
280 2368 321 2432 ad
344 2367 535 2452 Pompeium
562 2370 707 2434 sodalem
730 2371 856 2454 scribit,
879 2393 943 2455 qua
966 2391 1038 2456 gra·

38 2458 144 2522 tulatur
167 2459 212 2540 ei,
239 2457 325 2540 quod
348 2458 516 2522 restitutus
541 2459 583 2522 sit
605 2459 641 2522 in
662 2458 812 2542 patriam,
835 2462 868 2523 et
889 2462 1038 2542 testatur,

39 2547 276 2612 commilitonem
309 2546 371 2611 sibi
403 2546 502 2610 fuisse
534 2547 569 2611 in
601 2547 715 2611 eastris
747 2547 789 2611 M.
822 2546 925 2612 Bruti.
1017 2548 1078 2612 32⁵

41 2636 109 2717 quis
131 2641 168 2701 te
192 2635 400 2700 redonauit
418 2634 616 2710 Quiritem.
654 2634 842 2710 Quiritem
857 2636 959 2700 ciuem
974 2635 1037 2700 Ro·

40 2744 156 2790 nanum
184 2725 354 2810 signifieat.
402 2724 539 2790 adtende
570 2724 728 2810 singulari
750 2745 884 2788 numero
909 2724 1038 2806 dietum,

40 2814 110 2894 quod
131 2836 200 2879 non
221 2813 318 2878 facile
342 2814 429 2898 apud
451 2819 577 2879 ueteres
590 2814 748 2877 inuenias.
813 2814 833 2878 6
858 2835 940 2877 oum
963 2836 1036 2898 quo

41 2907 236 2968 morantem
269 2925 383 2987 saepe
414 2903 512 2967 diem
544 2924 646 2967 mero
679 2902 789 2988 fregi.
826 2908 1039 2968 morantem

42 3010 86 3070 pro
110 2993 208 3078 longo
236 2993 359 3076 posuit,
387 2995 423 3056 ut
453 2992 546 3076 quasi
569 3012 643 3056 cum
665 3013 756 3056 mora
779 2992 920 3075 spatium
944 3014 1038 3057 suum
1052 3019 1079 3057 ao

43 3131 236 3143 *Q-

101 3202 254 3257 1lalsntus
274 3201 313 3256 M
373 3192 553 3272 apartemae
573 3203 610 3256 M
673 3203 815 3271 3ymetto
836 3246 842 3257 .
862 3244 868 3256 .
887 3222 906 3272 y
924 3203 977 3256 m&
994 3204 1038 3257 tos

45 3270 74 3322 M
153 3281 170 3327 4
185 3273 215 3328 id
233 3275 278 3329 est
295 3272 326 3326 in
344 3273 441 3328 Attica
458 3274 547 3328 deterri
633 3279 649 3328 5
668 3273 691 3328 ὣ
709 3276 851 3330 contrario
872 3274 916 3342 M,
941 3274 1038 3328 deleat.

45 3341 95 3396 ion
115 3345 195 3400 rerba
217 3343 394 3414 conpositum
418 3385 425 3398 .
445 3386 451 3398 .
475 3345 579 3399 cedunt
605 3360 662 3398 reorr
684 3345 816 3400 uideretur
836 3345 1039 3415 Porphyrionis

45 3427 88 3465 esre
166 3415 353 3486 eermphtrae
373 3417 417 3470 est
435 3415 464 3469 rcl
484 3416 522 3470 M
607 3421 639 3470 12
659 3415 851 3472 Uenafranum
869 3432 932 3470 ooo:
954 3431 1038 3470 uena·

47 3479 194 3551 frameae
211 3504 226 3542 e
245 3503 325 3552 corr„
345 3487 417 3554 Μς
478 3491 511 3541 14
529 3503 648 3540 mmmm
667 3486 706 3539 M
763 3491 797 3540 20
816 3488 890 3541 orati
908 3488 982 3538 uatis
1002 3485 1041 3537 M

104 3557 221 3613 23lrano
239 3557 350 3625 odeng
403 3557 572 3627 pomprhum
592 3557 630 3610 M
686 3556 782 3625 qnoM
839 3561 873 3608 25
892 3561 929 3607 ᾗ.
949 3553 987 3605 Μ

48 3627 75 3676 30
90 3628 129 3680 ut:
146 3628 192 3698 qni
209 3647 227 3696 ς
244 3629 316 3684 del?
