<?xml version="1.0" encoding="UTF-8"?>
<!DOCTYPE html PUBLIC "-//W3C//DTD XHTML 1.0 Transitional//EN"
    "http://www.w3.org/TR/xhtml1/DTD/xhtml1-transitional.dtd">
<html xmlns="http://www.w3.org/1999/xhtml" xml:lang="en" lang="en">
 <head>
  <title>
</title>
<meta http-equiv="Content-Type" content="text/html;charset=utf-8" />
  <meta name='ocr-system' content='tesseract 3.04.00' />
  <meta name='ocr-capabilities' content='ocr_page ocr_carea ocr_par ocr_line ocrx_word'/>
</head>
<body>
  <div class='ocr_page' id='page_1' title='image "./commentuminhora01porpgoog_0160.png"; bbox 0 0 2536 3930; ppageno 0'>
   <div class='ocr_carea' id='block_1_1' title="bbox 158 92 775 158">
    <p class='ocr_par' dir='ltr' id='par_1_1' title="bbox 158 92 775 158">
     <span class='ocr_line' id='line_1_1' title="bbox 158 92 775 158; baseline 0.002 -13"><span class='ocrx_word' id='word_1_1' title='bbox 158 95 223 158; x_wconf 84' lang='lat'><strong>144</strong></span> <span class='ocrx_word' id='word_1_2' title='bbox 578 92 730 148; x_wconf 83' lang='lat' dir='ltr'><strong>EPODON</strong></span> <span class='ocrx_word' id='word_1_3' title='bbox 752 100 775 148; x_wconf 92' lang='lat'><strong>1.</strong></span> 
     </span>
    </p>
   </div>
   <div class='ocr_carea' id='block_1_2' title="bbox 112 254 1182 2028">
    <p class='ocr_par' dir='ltr' id='par_1_2' title="bbox 112 254 1182 2028">
     <span class='ocr_line' id='line_1_2' title="bbox 155 254 1182 342; baseline -0.004 -20"><span class='ocrx_word' id='word_1_4' title='bbox 155 260 273 342; x_wconf 85' lang='lat' dir='ltr'><strong>gasset.</strong></span> <span class='ocrx_word' id='word_1_5' title='bbox 376 257 396 321; x_wconf 84' lang='lat'>9</span> <span class='ocrx_word' id='word_1_6' title='bbox 438 278 485 321; x_wconf 89' lang='lat' dir='ltr'><strong>an</strong></span> <span class='ocrx_word' id='word_1_7' title='bbox 525 256 626 322; x_wconf 92' lang='lat' dir='ltr'><strong>hune</strong></span> <span class='ocrx_word' id='word_1_8' title='bbox 661 255 834 320; x_wconf 87' lang='lat' dir='ltr'><strong>laborem</strong></span> <span class='ocrx_word' id='word_1_9' title='bbox 877 259 1006 320; x_wconf 90' lang='lat' dir='ltr'><strong>mente</strong></span> <span class='ocrx_word' id='word_1_10' title='bbox 1052 254 1182 320; x_wconf 88' lang='lat' dir='ltr'><strong>laturi</strong></span> 
     </span>
     <span class='ocr_line' id='line_1_3' title="bbox 156 342 1179 431; baseline -0.002 -20"><span class='ocrx_word' id='word_1_11' title='bbox 156 347 264 411; x_wconf 85' lang='lat' dir='ltr'><strong>decet</strong></span> <span class='ocrx_word' id='word_1_12' title='bbox 312 367 384 431; x_wconf 90' lang='lat' dir='ltr'><strong>qua</strong></span> <span class='ocrx_word' id='word_1_13' title='bbox 424 345 526 410; x_wconf 87' lang='lat' dir='ltr'><strong>ferre</strong></span> <span class='ocrx_word' id='word_1_14' title='bbox 567 367 645 409; x_wconf 90' lang='lat' dir='ltr'><strong>non</strong></span> <span class='ocrx_word' id='word_1_15' title='bbox 685 344 814 408; x_wconf 90' lang='lat' dir='ltr'><strong>mollis</strong></span> <span class='ocrx_word' id='word_1_16' title='bbox 851 345 956 409; x_wconf 90' lang='lat' dir='ltr'><strong>uiros</strong></span> <span class='ocrx_word' id='word_1_17' title='bbox 996 342 1179 409; x_wconf 86' lang='lat' dir='ltr'><strong>feremus.</strong></span> 
     </span>
     <span class='ocr_line' id='line_1_4' title="bbox 156 432 1180 518; baseline -0.001 -19"><span class='ocrx_word' id='word_1_18' title='bbox 156 457 269 499; x_wconf 89' lang='lat' dir='ltr'><strong>sensus</strong></span> <span class='ocrx_word' id='word_1_19' title='bbox 298 437 433 516; x_wconf 86' lang='lat' dir='ltr'><strong>[autem]</strong></span> <span class='ocrx_word' id='word_1_20' title='bbox 464 438 514 499; x_wconf 89' lang='lat' dir='ltr'><strong>est</strong></span> <span class='ocrx_word' id='word_1_21' title='bbox 543 433 611 498; x_wconf 89' lang='lat' dir='ltr'><strong>hic:</strong></span> <span class='ocrx_word' id='word_1_22' title='bbox 650 437 706 497; x_wconf 88' lang='lat' dir='ltr'><strong>aut</strong></span> <span class='ocrx_word' id='word_1_23' title='bbox 741 433 898 518; x_wconf 89' lang='lat' dir='ltr'><strong>numquid</strong></span> <span class='ocrx_word' id='word_1_24' title='bbox 935 432 1047 497; x_wconf 90' lang='lat' dir='ltr'><strong>animo</strong></span> <span class='ocrx_word' id='word_1_25' title='bbox 1085 432 1180 498; x_wconf 89' lang='lat' dir='ltr'><strong>labo·</strong></span> 
     </span>
     <span class='ocr_line' id='line_1_5' title="bbox 154 522 1178 608; baseline 0 -21"><span class='ocrx_word' id='word_1_26' title='bbox 154 523 258 588; x_wconf 88' lang='lat' dir='ltr'><strong>raturi</strong></span> <span class='ocrx_word' id='word_1_27' title='bbox 297 546 355 607; x_wconf 89' lang='lat' dir='ltr'><strong>per</strong></span> <span class='ocrx_word' id='word_1_28' title='bbox 391 522 571 588; x_wconf 73' lang='lat' dir='ltr'><strong>absentiam</strong></span> <span class='ocrx_word' id='word_1_29' title='bbox 606 525 697 586; x_wconf 88' lang='lat' dir='ltr'><strong>tuam</strong></span> <span class='ocrx_word' id='word_1_30' title='bbox 734 523 945 608; x_wconf 86' lang='lat' dir='ltr'><strong>suscipiamus</strong></span> <span class='ocrx_word' id='word_1_31' title='bbox 990 525 1023 584; x_wconf 88' lang='lat' dir='ltr'><strong>ct</strong></span> <span class='ocrx_word' id='word_1_32' title='bbox 1060 542 1178 606; x_wconf 91' lang='lat' dir='ltr'><strong>eorpo—</strong></span> 
     </span>
     <span class='ocr_line' id='line_1_6' title="bbox 127 609 1181 695; baseline 0.003 -24"><span class='ocrx_word' id='word_1_33' title='bbox 127 613 198 678; x_wconf 79' lang='lat' dir='ltr'><strong>sris</strong></span> <span class='ocrx_word' id='word_1_34' title='bbox 234 612 379 677; x_wconf 89' lang='lat' dir='ltr'><strong>laborem</strong></span> <span class='ocrx_word' id='word_1_35' title='bbox 414 616 521 676; x_wconf 87' lang='lat' dir='ltr'><strong>tecum</strong></span> <span class='ocrx_word' id='word_1_36' title='bbox 557 610 685 676; x_wconf 75' lang='lat' dir='ltr'><strong>eundo?</strong></span> <span class='ocrx_word' id='word_1_37' title='bbox 731 612 874 695; x_wconf 86' lang='lat' dir='ltr'><strong>eorporis</strong></span> <span class='ocrx_word' id='word_1_38' title='bbox 910 610 998 674; x_wconf 90' lang='lat' dir='ltr'><strong>enim</strong></span> <span class='ocrx_word' id='word_1_39' title='bbox 1027 609 1181 675; x_wconf 87' lang='lat' dir='ltr'><strong>laborem</strong></span> 
     </span>
     <span class='ocr_line' id='line_1_7' title="bbox 154 699 1179 766; baseline -0.002 0"><span class='ocrx_word' id='word_1_40' title='bbox 154 702 226 766; x_wconf 85' lang='lat' dir='ltr'><strong>uult</strong></span> <span class='ocrx_word' id='word_1_41' title='bbox 277 722 346 765; x_wconf 90' lang='lat' dir='ltr'><strong>csse</strong></span> <span class='ocrx_word' id='word_1_42' title='bbox 398 722 467 766; x_wconf 91' lang='lat' dir='ltr'><strong>non</strong></span> <span class='ocrx_word' id='word_1_43' title='bbox 513 701 658 765; x_wconf 91' lang='lat' dir='ltr'><strong>mollium</strong></span> <span class='ocrx_word' id='word_1_44' title='bbox 695 700 848 765; x_wconf 72' lang='lat' dir='ltr'><strong>unorum.</strong></span> <span class='ocrx_word' id='word_1_45' title='bbox 956 699 996 763; x_wconf 79' lang='grc'><strong>17</strong></span> <span class='ocrx_word' id='word_1_46' title='bbox 1046 720 1179 764; x_wconf 89' lang='lat' dir='ltr'><strong>comes</strong></span> 
     </span>
     <span class='ocr_line' id='line_1_8' title="bbox 155 787 1181 873; baseline 0 -20"><span class='ocrx_word' id='word_1_47' title='bbox 155 791 300 854; x_wconf 92' lang='lat' dir='ltr'><strong>minore</strong></span> <span class='ocrx_word' id='word_1_48' title='bbox 338 811 418 854; x_wconf 92' lang='lat' dir='ltr'><strong>sum</strong></span> <span class='ocrx_word' id='word_1_49' title='bbox 453 789 609 854; x_wconf 85' lang='lat' dir='ltr'><strong>futurus</strong></span> <span class='ocrx_word' id='word_1_50' title='bbox 645 789 685 853; x_wconf 87' lang='lat' dir='ltr'><strong>in</strong></span> <span class='ocrx_word' id='word_1_51' title='bbox 720 793 823 855; x_wconf 89' lang='lat' dir='ltr'><strong>metu</strong></span> <span class='ocrx_word' id='word_1_52' title='bbox 853 789 919 873; x_wconf 90' lang='lat' dir='ltr'><strong>qui</strong></span> <span class='ocrx_word' id='word_1_53' title='bbox 953 787 1077 852; x_wconf 83' lang='lat' dir='ltr'><strong>maio-r</strong></span> <span class='ocrx_word' id='word_1_54' title='bbox 1107 789 1181 853; x_wconf 88' lang='lat' dir='ltr'><strong>ab·</strong></span> 
     </span>
     <span class='ocr_line' id='line_1_9' title="bbox 155 877 1179 962; baseline 0 -20"><span class='ocrx_word' id='word_1_55' title='bbox 155 882 283 942; x_wconf 90' lang='lat' dir='ltr'><strong>sentes</strong></span> <span class='ocrx_word' id='word_1_56' title='bbox 311 877 435 942; x_wconf 89' lang='lat' dir='ltr'><strong>habet.</strong></span> <span class='ocrx_word' id='word_1_57' title='bbox 481 899 595 942; x_wconf 87' lang='lat' dir='ltr'><strong>sensus</strong></span> <span class='ocrx_word' id='word_1_58' title='bbox 618 881 681 942; x_wconf 91' lang='lat' dir='ltr'><strong>est:</strong></span> <span class='ocrx_word' id='word_1_59' title='bbox 719 879 746 942; x_wconf 92' lang='lat' dir='ltr'><strong>si</strong></span> <span class='ocrx_word' id='word_1_60' title='bbox 770 899 876 943; x_wconf 89' lang='lat' dir='ltr'><strong>comes</strong></span> <span class='ocrx_word' id='word_1_61' title='bbox 900 878 977 962; x_wconf 85' lang='lat' dir='ltr'><strong>sim,</strong></span> <span class='ocrx_word' id='word_1_62' title='bbox 1014 877 1179 942; x_wconf 86' lang='lat' dir='ltr'><strong>minorem</strong></span> 
     </span>
     <span class='ocr_line' id='line_1_10' title="bbox 154 966 1180 1051; baseline -0.001 -20"><span class='ocrx_word' id='word_1_63' title='bbox 154 971 276 1031; x_wconf 90' lang='lat' dir='ltr'><strong>metum</strong></span> <span class='ocrx_word' id='word_1_64' title='bbox 298 967 418 1051; x_wconf 88' lang='lat' dir='ltr'><strong>patiar,</strong></span> <span class='ocrx_word' id='word_1_65' title='bbox 454 967 509 1051; x_wconf 89' lang='lat' dir='ltr'><strong>qui</strong></span> <span class='ocrx_word' id='word_1_66' title='bbox 539 988 665 1051; x_wconf 83' lang='lat' dir='ltr'>semper</span> <span class='ocrx_word' id='word_1_67' title='bbox 693 968 878 1031; x_wconf 78' lang='lat' dir='ltr'><strong>absentibus</strong></span> <span class='ocrx_word' id='word_1_68' title='bbox 906 966 1012 1030; x_wconf 90' lang='lat' dir='ltr'><strong>maior</strong></span> <span class='ocrx_word' id='word_1_69' title='bbox 1037 970 1096 1029; x_wconf 89' lang='lat' dir='ltr'><strong>est.</strong></span> <span class='ocrx_word' id='word_1_70' title='bbox 1142 969 1180 1030; x_wconf 90' lang='lat' dir='ltr'><strong>et</strong></span> 
     </span>
     <span class='ocr_line' id='line_1_11' title="bbox 114 1053 1179 1140; baseline 0.006 -27"><span class='ocrx_word' id='word_1_71' title='bbox 114 1075 141 1116; x_wconf 83' lang='grc' dir='ltr'><strong>ιο</strong></span> <span class='ocrx_word' id='word_1_72' title='bbox 155 1055 285 1120; x_wconf 90' lang='lat' dir='ltr'><strong>attende</strong></span> <span class='ocrx_word' id='word_1_73' title='bbox 323 1078 343 1120; x_wconf 90' lang='lat' dir='ltr'><strong>a</strong></span> <span class='ocrx_word' id='word_1_74' title='bbox 375 1056 533 1140; x_wconf 80' lang='lat' dir='ltr'><strong>singulari</strong></span> <span class='ocrx_word' id='word_1_75' title='bbox 564 1077 698 1120; x_wconf 90' lang='lat' dir='ltr'><strong>numero</strong></span> <span class='ocrx_word' id='word_1_76' title='bbox 737 1055 777 1118; x_wconf 89' lang='lat' dir='ltr'><strong>ad</strong></span> <span class='ocrx_word' id='word_1_77' title='bbox 804 1055 963 1139; x_wconf 79' lang='lat' dir='ltr'><strong>pluralem</strong></span> <span class='ocrx_word' id='word_1_78' title='bbox 998 1053 1179 1119; x_wconf 74' lang='lat' dir='ltr'><strong>transitum</strong></span> 
     </span>
     <span class='ocr_line' id='line_1_12' title="bbox 154 1142 1179 1228; baseline 0 -20"><span class='ocrx_word' id='word_1_79' title='bbox 154 1143 277 1222; x_wconf 82' lang='lat' dir='ltr'><strong>fecisse.</strong></span> <span class='ocrx_word' id='word_1_80' title='bbox 338 1145 378 1209; x_wconf 82' lang='lat'><strong>19</strong></span> <span class='ocrx_word' id='word_1_81' title='bbox 407 1150 449 1209; x_wconf 95' lang='lat' dir='ltr'><strong>ut</strong></span> <span class='ocrx_word' id='word_1_82' title='bbox 472 1144 656 1210; x_wconf 86' lang='lat' dir='ltr'><strong>adsidens</strong></span> <span class='ocrx_word' id='word_1_83' title='bbox 678 1143 918 1228; x_wconf 88' lang='lat' dir='ltr'><strong>inplumibus</strong></span> <span class='ocrx_word' id='word_1_84' title='bbox 941 1142 1065 1226; x_wconf 87' lang='lat' dir='ltr'><strong>pullis</strong></span> <span class='ocrx_word' id='word_1_85' title='bbox 1090 1143 1179 1208; x_wconf 88' lang='lat' dir='ltr'><strong>auis</strong></span> 
     </span>
     <span class='ocr_line' id='line_1_13' title="bbox 155 1231 1168 1318; baseline -0.001 -21"><span class='ocrx_word' id='word_1_86' title='bbox 155 1233 394 1318; x_wconf 86' lang='lat' dir='ltr'><strong>serpentium</strong></span> <span class='ocrx_word' id='word_1_87' title='bbox 426 1234 607 1318; x_wconf 89' lang='lat' dir='ltr'><strong>adlapsus</strong></span> <span class='ocrx_word' id='word_1_88' title='bbox 630 1234 750 1298; x_wconf 89' lang='lat' dir='ltr'><strong>timet.</strong></span> <span class='ocrx_word' id='word_1_89' title='bbox 776 1232 926 1308; x_wconf 85' lang='lat' dir='ltr'><strong>attende</strong></span> <span class='ocrx_word' id='word_1_90' title='bbox 949 1231 1168 1296; x_wconf 83' lang='lat' dir='ltr'><strong>elocutionem</strong></span> 
     </span>
     <span class='ocr_line' id='line_1_14' title="bbox 154 1320 1177 1406; baseline -0.002 -20"><span class='ocrx_word' id='word_1_91' title='bbox 154 1320 233 1387; x_wconf 81' lang='lat' dir='ltr'><strong>‘illis</strong></span> <span class='ocrx_word' id='word_1_92' title='bbox 256 1322 364 1388; x_wconf 87' lang='lat' dir='ltr'><strong>timet&#39;</strong></span> <span class='ocrx_word' id='word_1_93' title='bbox 388 1345 446 1406; x_wconf 89' lang='lat' dir='ltr'><strong>per</strong></span> <span class='ocrx_word' id='word_1_94' title='bbox 469 1323 615 1388; x_wconf 89' lang='lat' dir='ltr'><strong>datiuum</strong></span> <span class='ocrx_word' id='word_1_95' title='bbox 638 1344 762 1406; x_wconf 81' lang='lat' dir='ltr'><strong>casum,</strong></span> <span class='ocrx_word' id='word_1_96' title='bbox 786 1344 853 1387; x_wconf 90' lang='lat' dir='ltr'><strong>non</strong></span> <span class='ocrx_word' id='word_1_97' title='bbox 877 1320 952 1406; x_wconf 76' lang='lat' dir='ltr'><strong>‘pro</strong></span> <span class='ocrx_word' id='word_1_98' title='bbox 971 1320 1036 1385; x_wconf 90' lang='lat' dir='ltr'><strong>illis</strong></span> <span class='ocrx_word' id='word_1_99' title='bbox 1051 1321 1177 1385; x_wconf 70' lang='lat' dir='ltr'><strong>timer·</strong></span> 
     </span>
     <span class='ocr_line' id='line_1_15' title="bbox 154 1409 1177 1496; baseline -0.002 -20"><span class='ocrx_word' id='word_1_100' title='bbox 154 1411 199 1476; x_wconf 90' lang='lat' dir='ltr'><strong>sie</strong></span> <span class='ocrx_word' id='word_1_101' title='bbox 214 1411 482 1477; x_wconf 82' lang='lat' dir='ltr'><strong>etTerentius:</strong></span> <span class='ocrx_word' id='word_1_102' title='bbox 506 1409 598 1496; x_wconf 80' lang='lat' dir='ltr'><strong>Syre</strong></span> <span class='ocrx_word' id='word_1_103' title='bbox 621 1410 695 1474; x_wconf 90' lang='lat' dir='ltr'><strong>tibi</strong></span> <span class='ocrx_word' id='word_1_104' title='bbox 718 1411 837 1476; x_wconf 91' lang='lat' dir='ltr'><strong>metui</strong></span> <span class='ocrx_word' id='word_1_105' title='bbox 859 1410 965 1476; x_wconf 88' lang='lat' dir='ltr'><strong>male.</strong></span> <span class='ocrx_word' id='word_1_106' title='bbox 1029 1409 1072 1474; x_wconf 79' lang='lat'><strong>21</strong></span> <span class='ocrx_word' id='word_1_107' title='bbox 1092 1431 1177 1475; x_wconf 89' lang='lat' dir='ltr'><strong>non</strong></span> 
     </span>
     <span class='ocr_line' id='line_1_16' title="bbox 113 1496 1176 1584; baseline 0.005 -26"><span class='ocrx_word' id='word_1_108' title='bbox 113 1503 195 1564; x_wconf 80' lang='lat' dir='ltr'><strong>rsut</strong></span> <span class='ocrx_word' id='word_1_109' title='bbox 217 1500 321 1564; x_wconf 88' lang='lat' dir='ltr'><strong>adsit</strong></span> <span class='ocrx_word' id='word_1_110' title='bbox 345 1499 483 1565; x_wconf 86' lang='lat' dir='ltr'><strong>auxilii</strong></span> <span class='ocrx_word' id='word_1_111' title='bbox 505 1501 633 1564; x_wconf 89' lang='lat' dir='ltr'><strong>latura</strong></span> <span class='ocrx_word' id='word_1_112' title='bbox 660 1500 747 1583; x_wconf 91' lang='lat' dir='ltr'><strong>plus</strong></span> <span class='ocrx_word' id='word_1_113' title='bbox 771 1499 1056 1584; x_wconf 88' lang='lat' dir='ltr'><strong>praesentibus.</strong></span> <span class='ocrx_word' id='word_1_114' title='bbox 1105 1496 1176 1564; x_wconf 74' lang='lat' dir='ltr'><strong>‘sie’</strong></span> 
     </span>
     <span class='ocr_line' id='line_1_17' title="bbox 152 1583 1174 1673; baseline 0.001 -22"><span class='ocrx_word' id='word_1_115' title='bbox 152 1588 288 1652; x_wconf 88' lang='lat' dir='ltr'><strong>uerbum</strong></span> <span class='ocrx_word' id='word_1_116' title='bbox 310 1587 363 1652; x_wconf 88' lang='lat' dir='ltr'><strong>hic</strong></span> <span class='ocrx_word' id='word_1_117' title='bbox 387 1583 476 1652; x_wconf 86' lang='lat' dir='ltr'><strong>deest</strong></span> <span class='ocrx_word' id='word_1_118' title='bbox 499 1590 531 1651; x_wconf 89' lang='lat' dir='ltr'><strong>et</strong></span> <span class='ocrx_word' id='word_1_119' title='bbox 555 1587 606 1652; x_wconf 74' lang='lat' dir='ltr'><strong>‘si&#39;</strong></span> <span class='ocrx_word' id='word_1_120' title='bbox 629 1589 797 1672; x_wconf 86' lang='lat' dir='ltr'><strong>particula,</strong></span> <span class='ocrx_word' id='word_1_121' title='bbox 819 1589 895 1673; x_wconf 92' lang='lat' dir='ltr'><strong>quia</strong></span> <span class='ocrx_word' id='word_1_122' title='bbox 915 1588 992 1652; x_wconf 93' lang='lat' dir='ltr'><strong>ordo</strong></span> <span class='ocrx_word' id='word_1_123' title='bbox 1008 1590 1041 1651; x_wconf 89' lang='lat' dir='ltr'><strong>et</strong></span> <span class='ocrx_word' id='word_1_124' title='bbox 1056 1608 1174 1652; x_wconf 89' lang='lat' dir='ltr'><strong>sensus</strong></span> 
     </span>
     <span class='ocr_line' id='line_1_18' title="bbox 152 1675 1176 1762; baseline 0.001 -22"><span class='ocrx_word' id='word_1_125' title='bbox 152 1675 205 1740; x_wconf 93' lang='lat' dir='ltr'><strong>hic</strong></span> <span class='ocrx_word' id='word_1_126' title='bbox 237 1680 300 1742; x_wconf 91' lang='lat' dir='ltr'><strong>cst:</strong></span> <span class='ocrx_word' id='word_1_127' title='bbox 331 1698 399 1741; x_wconf 92' lang='lat' dir='ltr'><strong>non</strong></span> <span class='ocrx_word' id='word_1_128' title='bbox 428 1679 465 1740; x_wconf 88' lang='lat' dir='ltr'><strong>ut</strong></span> <span class='ocrx_word' id='word_1_129' title='bbox 494 1677 567 1760; x_wconf 91' lang='lat' dir='ltr'><strong>plus</strong></span> <span class='ocrx_word' id='word_1_130' title='bbox 599 1677 709 1741; x_wconf 84' lang='lat' dir='ltr'><strong>auxilii</strong></span> <span class='ocrx_word' id='word_1_131' title='bbox 736 1677 961 1760; x_wconf 88' lang='lat' dir='ltr'><strong>praesentibus</strong></span> <span class='ocrx_word' id='word_1_132' title='bbox 990 1677 1033 1740; x_wconf 91' lang='lat' dir='ltr'><strong>sit</strong></span> <span class='ocrx_word' id='word_1_133' title='bbox 1054 1676 1176 1762; x_wconf 84' lang='lat' dir='ltr'><strong>latura,</strong></span> 
     </span>
     <span class='ocr_line' id='line_1_19' title="bbox 153 1762 1176 1850; baseline 0.002 -22"><span class='ocrx_word' id='word_1_134' title='bbox 153 1765 181 1828; x_wconf 91' lang='lat' dir='ltr'><strong>si</strong></span> <span class='ocrx_word' id='word_1_135' title='bbox 204 1765 297 1832; x_wconf 90' lang='lat' dir='ltr'><strong>adsit.</strong></span> <span class='ocrx_word' id='word_1_136' title='bbox 345 1765 387 1830; x_wconf 79' lang='lat'><strong>27</strong></span> <span class='ocrx_word' id='word_1_137' title='bbox 411 1786 576 1850; x_wconf 90' lang='lat' dir='ltr'><strong>pecusue</strong></span> <span class='ocrx_word' id='word_1_138' title='bbox 600 1762 776 1830; x_wconf 89' lang='lat' dir='ltr'><strong>Calabris</strong></span> <span class='ocrx_word' id='word_1_139' title='bbox 800 1769 889 1830; x_wconf 88' lang='lat' dir='ltr'><strong>ante</strong></span> <span class='ocrx_word' id='word_1_140' title='bbox 914 1764 1022 1830; x_wconf 91' lang='lat' dir='ltr'><strong>sidus</strong></span> <span class='ocrx_word' id='word_1_141' title='bbox 1046 1763 1176 1830; x_wconf 87' lang='lat' dir='ltr'><strong>ferui-</strong></span> 
     </span>
     <span class='ocr_line' id='line_1_20' title="bbox 153 1853 1176 1939; baseline 0.002 -21"><span class='ocrx_word' id='word_1_142' title='bbox 153 1854 240 1919; x_wconf 91' lang='lat' dir='ltr'><strong>dum</strong></span> <span class='ocrx_word' id='word_1_143' title='bbox 275 1854 428 1919; x_wconf 86' lang='lat' dir='ltr'><strong>Lucana</strong></span> <span class='ocrx_word' id='word_1_144' title='bbox 459 1857 583 1919; x_wconf 88' lang='lat' dir='ltr'><strong>mutet</strong></span> <span class='ocrx_word' id='word_1_145' title='bbox 614 1855 780 1938; x_wconf 89' lang='lat' dir='ltr'><strong>pascuis.</strong></span> <span class='ocrx_word' id='word_1_146' title='bbox 848 1854 1002 1939; x_wconf 83' lang='lat' dir='ltr'><strong>ambigua</strong></span> <span class='ocrx_word' id='word_1_147' title='bbox 1039 1853 1176 1937; x_wconf 90' lang='lat' dir='ltr'><strong>quidem</strong></span> 
     </span>
     <span class='ocr_line' id='line_1_21' title="bbox 112 1941 1177 2028; baseline 0.003 -23"><span class='ocrx_word' id='word_1_148' title='bbox 112 1944 571 2028; x_wconf 75' lang='lat' dir='ltr'><strong>20e10quuti0ese,sedeum</strong></span> <span class='ocrx_word' id='word_1_149' title='bbox 604 1947 695 2008; x_wconf 88' lang='lat' dir='ltr'><strong>ante</strong></span> <span class='ocrx_word' id='word_1_150' title='bbox 729 1943 834 2010; x_wconf 87' lang='lat' dir='ltr'><strong>sidus</strong></span> <span class='ocrx_word' id='word_1_151' title='bbox 865 1941 1061 2008; x_wconf 88' lang='lat' dir='ltr'><strong>feruidum</strong></span> <span class='ocrx_word' id='word_1_152' title='bbox 1086 1941 1177 2008; x_wconf 88' lang='lat' dir='ltr'><strong>dieat</strong></span> 
     </span>
    </p>
   </div>
   <div class='ocr_carea' id='block_1_3' title="bbox 152 2030 1262 2118">
    <p class='ocr_par' dir='ltr' id='par_1_3' title="bbox 152 2030 1262 2118">
     <span class='ocr_line' id='line_1_22' title="bbox 152 2030 1262 2118; baseline 0.004 -23"><span class='ocrx_word' id='word_1_153' title='bbox 152 2035 185 2095; x_wconf 90' lang='lat' dir='ltr'><strong>et</strong></span> <span class='ocrx_word' id='word_1_154' title='bbox 226 2030 408 2098; x_wconf 76' lang='lat' dir='ltr'><strong>Calabriam</strong></span> <span class='ocrx_word' id='word_1_155' title='bbox 448 2032 747 2097; x_wconf 88' lang='lat' dir='ltr'><strong>manifestissimum</strong></span> <span class='ocrx_word' id='word_1_156' title='bbox 789 2032 832 2097; x_wconf 89' lang='lat' dir='ltr'><strong>sit</strong></span> <span class='ocrx_word' id='word_1_157' title='bbox 871 2033 1049 2100; x_wconf 77' lang='lat' dir='ltr'><strong>coloratam</strong></span> <span class='ocrx_word' id='word_1_158' title='bbox 1092 2054 1177 2118; x_wconf 85' lang='lat' dir='ltr'><strong>esse,</strong></span> <span class='ocrx_word' id='word_1_159' title='bbox 1261 2039 1262 2078; x_wconf 56' lang='grc' dir='ltr'>ἒ</span> 
     </span>
    </p>
   </div>
   <div class='ocr_carea' id='block_1_4' title="bbox 111 2121 1178 2562">
    <p class='ocr_par' dir='ltr' id='par_1_4' title="bbox 111 2121 1178 2562">
     <span class='ocr_line' id='line_1_23' title="bbox 152 2121 1176 2206; baseline 0.006 -24"><span class='ocrx_word' id='word_1_160' title='bbox 152 2124 287 2202; x_wconf 87' lang='lat' dir='ltr'><strong>apparet</strong></span> <span class='ocrx_word' id='word_1_161' title='bbox 317 2143 390 2185; x_wconf 88' lang='lat' dir='ltr'><strong>eum</strong></span> <span class='ocrx_word' id='word_1_162' title='bbox 411 2121 475 2186; x_wconf 91' lang='lat' dir='ltr'><strong>hoc</strong></span> <span class='ocrx_word' id='word_1_163' title='bbox 498 2121 617 2186; x_wconf 88' lang='lat' dir='ltr'><strong>dicere:</strong></span> <span class='ocrx_word' id='word_1_164' title='bbox 653 2144 722 2186; x_wconf 92' lang='lat' dir='ltr'><strong>non</strong></span> <span class='ocrx_word' id='word_1_165' title='bbox 751 2125 788 2186; x_wconf 86' lang='lat' dir='ltr'><strong>ut</strong></span> <span class='ocrx_word' id='word_1_166' title='bbox 819 2143 918 2206; x_wconf 91' lang='lat' dir='ltr'><strong>pecus</strong></span> <span class='ocrx_word' id='word_1_167' title='bbox 942 2126 1019 2188; x_wconf 89' lang='lat' dir='ltr'><strong>ante</strong></span> <span class='ocrx_word' id='word_1_168' title='bbox 1041 2122 1176 2188; x_wconf 87' lang='lat' dir='ltr'><strong>feruen-</strong></span> 
     </span>
     <span class='ocr_line' id='line_1_24' title="bbox 151 2207 1176 2294; baseline 0.007 -24"><span class='ocrx_word' id='word_1_169' title='bbox 151 2207 314 2272; x_wconf 86' lang='lat' dir='ltr'><strong>tissimum</strong></span> <span class='ocrx_word' id='word_1_170' title='bbox 346 2211 478 2273; x_wconf 87' lang='lat' dir='ltr'><strong>aestatis</strong></span> <span class='ocrx_word' id='word_1_171' title='bbox 509 2212 638 2294; x_wconf 89' lang='lat' dir='ltr'><strong>tempus</strong></span> <span class='ocrx_word' id='word_1_172' title='bbox 668 2232 707 2275; x_wconf 89' lang='lat' dir='ltr'><strong>cx</strong></span> <span class='ocrx_word' id='word_1_173' title='bbox 739 2209 890 2276; x_wconf 77' lang='lat' dir='ltr'><strong>Calabria</strong></span> <span class='ocrx_word' id='word_1_174' title='bbox 922 2211 957 2275; x_wconf 91' lang='lat' dir='ltr'><strong>in</strong></span> <span class='ocrx_word' id='word_1_175' title='bbox 990 2210 1176 2277; x_wconf 87' lang='lat' dir='ltr'><strong>Lucaniam</strong></span> 
     </span>
     <span class='ocr_line' id='line_1_25' title="bbox 152 2296 1178 2385; baseline 0.007 -27"><span class='ocrx_word' id='word_1_176' title='bbox 152 2299 306 2361; x_wconf 89' lang='lat' dir='ltr'><strong>transeat.</strong></span> <span class='ocrx_word' id='word_1_177' title='bbox 374 2297 417 2361; x_wconf 82' lang='lat'><strong>30</strong></span> <span class='ocrx_word' id='word_1_178' title='bbox 449 2296 607 2363; x_wconf 87' lang='lat' dir='ltr'><strong>Circaea</strong></span> <span class='ocrx_word' id='word_1_179' title='bbox 635 2302 776 2385; x_wconf 83' lang='lat' dir='ltr'><strong>tangat</strong></span> <span class='ocrx_word' id='word_1_180' title='bbox 801 2299 963 2366; x_wconf 88' lang='lat' dir='ltr'><strong>moenia.</strong></span> <span class='ocrx_word' id='word_1_181' title='bbox 1009 2297 1178 2365; x_wconf 86' lang='lat' dir='ltr'><strong>Circaea</strong></span> 
     </span>
     <span class='ocr_line' id='line_1_26' title="bbox 111 2384 1174 2476; baseline 0.011 -34"><span class='ocrx_word' id='word_1_182' title='bbox 111 2403 137 2443; x_wconf 78' lang='lat' dir='ltr'><strong>as</strong></span> <span class='ocrx_word' id='word_1_183' title='bbox 152 2386 303 2450; x_wconf 88' lang='lat' dir='ltr'><strong>moenia</strong></span> <span class='ocrx_word' id='word_1_184' title='bbox 342 2384 518 2452; x_wconf 80' lang='lat' dir='ltr'><strong>Tusculum</strong></span> <span class='ocrx_word' id='word_1_185' title='bbox 554 2387 822 2476; x_wconf 85' lang='lat' dir='ltr'><strong>intellegendum,</strong></span> <span class='ocrx_word' id='word_1_186' title='bbox 863 2389 941 2473; x_wconf 89' lang='lat' dir='ltr'><strong>quia</strong></span> <span class='ocrx_word' id='word_1_187' title='bbox 984 2386 1174 2473; x_wconf 82' lang='lat' dir='ltr'><strong>Telegonus</strong></span> 
     </span>
     <span class='ocr_line' id='line_1_27' title="bbox 152 2471 1175 2562; baseline 0.004 -24"><span class='ocrx_word' id='word_1_188' title='bbox 152 2471 259 2539; x_wconf 88' lang='lat' dir='ltr'><strong>Circes</strong></span> <span class='ocrx_word' id='word_1_189' title='bbox 283 2478 316 2539; x_wconf 90' lang='lat' dir='ltr'><strong>et</strong></span> <span class='ocrx_word' id='word_1_190' title='bbox 338 2471 442 2540; x_wconf 86' lang='lat' dir='ltr'><strong>Ulixis</strong></span> <span class='ocrx_word' id='word_1_191' title='bbox 465 2475 550 2540; x_wconf 86' lang='lat' dir='ltr'><strong>filius</strong></span> <span class='ocrx_word' id='word_1_192' title='bbox 576 2476 639 2540; x_wconf 92' lang='lat' dir='ltr'><strong>hoc</strong></span> <span class='ocrx_word' id='word_1_193' title='bbox 663 2477 818 2562; x_wconf 89' lang='lat' dir='ltr'><strong>oppidum</strong></span> <span class='ocrx_word' id='word_1_194' title='bbox 845 2476 999 2542; x_wconf 89' lang='lat' dir='ltr'><strong>condidit.</strong></span> <span class='ocrx_word' id='word_1_195' title='bbox 1055 2498 1175 2542; x_wconf 86' lang='lat' dir='ltr'><strong>sensus</strong></span> 
     </span>
    </p>
   </div>
   <div class='ocr_carea' id='block_1_5' title="bbox 152 2563 1260 2658">
    <p class='ocr_par' dir='ltr' id='par_1_5' title="bbox 152 2563 1260 2658">
     <span class='ocr_line' id='line_1_28' title="bbox 152 2563 1260 2658; baseline 0.004 -31"><span class='ocrx_word' id='word_1_196' title='bbox 152 2567 201 2628; x_wconf 89' lang='lat' dir='ltr'><strong>est</strong></span> <span class='ocrx_word' id='word_1_197' title='bbox 222 2568 344 2628; x_wconf 89' lang='lat' dir='ltr'><strong>autem:</strong></span> <span class='ocrx_word' id='word_1_198' title='bbox 368 2568 405 2628; x_wconf 90' lang='lat' dir='ltr'><strong>ut</strong></span> <span class='ocrx_word' id='word_1_199' title='bbox 427 2585 531 2649; x_wconf 87' lang='lat' dir='ltr'><strong>neque</strong></span> <span class='ocrx_word' id='word_1_200' title='bbox 548 2565 584 2628; x_wconf 89' lang='lat' dir='ltr'><strong>in</strong></span> <span class='ocrx_word' id='word_1_201' title='bbox 598 2563 782 2631; x_wconf 82' lang='lat' dir='ltr'><strong>Tusculano</strong></span> <span class='ocrx_word' id='word_1_202' title='bbox 801 2567 987 2652; x_wconf 89' lang='lat' dir='ltr'><strong>possideam</strong></span> <span class='ocrx_word' id='word_1_203' title='bbox 1001 2565 1174 2631; x_wconf 87' lang='lat' dir='ltr'><strong>uillarum·</strong></span> <span class='ocrx_word' id='word_1_204' title='bbox 1259 2609 1260 2658; x_wconf 55' lang='lat' dir='ltr'><strong>i</strong></span> 
     </span>
    </p>
   </div>
   <div class='ocr_carea' id='block_1_6' title="bbox 151 2652 1174 2830">
    <p class='ocr_par' dir='ltr' id='par_1_6' title="bbox 151 2652 1174 2830">
     <span class='ocr_line' id='line_1_29' title="bbox 151 2652 1107 2740; baseline 0 -23"><span class='ocrx_word' id='word_1_205' title='bbox 151 2674 212 2736; x_wconf 89' lang='lat' dir='ltr'><strong>que</strong></span> <span class='ocrx_word' id='word_1_206' title='bbox 235 2653 281 2718; x_wconf 91' lang='lat' dir='ltr'><strong>ibi</strong></span> <span class='ocrx_word' id='word_1_207' title='bbox 303 2653 449 2718; x_wconf 87' lang='lat' dir='ltr'><strong>aedificia</strong></span> <span class='ocrx_word' id='word_1_208' title='bbox 474 2674 572 2738; x_wconf 90' lang='lat' dir='ltr'><strong>usque</strong></span> <span class='ocrx_word' id='word_1_209' title='bbox 596 2652 636 2717; x_wconf 90' lang='lat' dir='ltr'><strong>ad</strong></span> <span class='ocrx_word' id='word_1_210' title='bbox 659 2655 763 2740; x_wconf 89' lang='lat' dir='ltr'><strong>ipsam</strong></span> <span class='ocrx_word' id='word_1_211' title='bbox 786 2656 899 2720; x_wconf 88' lang='lat' dir='ltr'><strong>urbem</strong></span> <span class='ocrx_word' id='word_1_212' title='bbox 923 2653 1107 2718; x_wconf 86' lang='lat' dir='ltr'><strong>extendam.</strong></span> 
     </span>
     <span class='ocr_line' id='line_1_30' title="bbox 151 2742 1174 2830; baseline 0.003 -24"><span class='ocrx_word' id='word_1_213' title='bbox 151 2742 192 2805; x_wconf 85' lang='lat'><strong>31</strong></span> <span class='ocrx_word' id='word_1_214' title='bbox 222 2743 318 2807; x_wconf 87' lang='lat' dir='ltr'><strong>satis</strong></span> <span class='ocrx_word' id='word_1_215' title='bbox 346 2763 536 2827; x_wconf 91' lang='lat' dir='ltr'><strong>superque</strong></span> <span class='ocrx_word' id='word_1_216' title='bbox 568 2763 623 2806; x_wconf 88' lang='lat' dir='ltr'><strong>mc</strong></span> <span class='ocrx_word' id='word_1_217' title='bbox 655 2743 882 2830; x_wconf 84' lang='lat' dir='ltr'><strong>benignitas</strong></span> <span class='ocrx_word' id='word_1_218' title='bbox 914 2746 981 2808; x_wconf 91' lang='lat' dir='ltr'><strong>tua</strong></span> <span class='ocrx_word' id='word_1_219' title='bbox 1013 2743 1174 2810; x_wconf 89' lang='lat' dir='ltr'><strong>ditauit.</strong></span> 
     </span>
    </p>
   </div>
   <div class='ocr_carea' id='block_1_7' title="bbox 110 2828 1259 2898">
    <p class='ocr_par' dir='ltr' id='par_1_7' title="bbox 110 2828 1259 2898">
     <span class='ocr_line' id='line_1_31' title="bbox 110 2828 1259 2898; baseline 0.007 -8"><span class='ocrx_word' id='word_1_220' title='bbox 110 2849 138 2890; x_wconf 81' lang='lat' dir='ltr'><strong>ao</strong></span> <span class='ocrx_word' id='word_1_221' title='bbox 151 2829 306 2895; x_wconf 89' lang='lat' dir='ltr'><strong>donatum</strong></span> <span class='ocrx_word' id='word_1_222' title='bbox 343 2830 405 2895; x_wconf 89' lang='lat' dir='ltr'><strong>sibi</strong></span> <span class='ocrx_word' id='word_1_223' title='bbox 435 2831 470 2895; x_wconf 92' lang='lat' dir='ltr'><strong>in</strong></span> <span class='ocrx_word' id='word_1_224' title='bbox 494 2828 622 2896; x_wconf 82' lang='lat' dir='ltr'><strong>Sabinis</strong></span> <span class='ocrx_word' id='word_1_225' title='bbox 649 2832 786 2898; x_wconf 87' lang='lat' dir='ltr'><strong>fundum</strong></span> <span class='ocrx_word' id='word_1_226' title='bbox 809 2856 828 2898; x_wconf 91' lang='lat' dir='ltr'><strong>a</strong></span> <span class='ocrx_word' id='word_1_227' title='bbox 851 2831 1040 2896; x_wconf 83' lang='lat' dir='ltr'><strong>Maecenate</strong></span> <span class='ocrx_word' id='word_1_228' title='bbox 1063 2831 1173 2898; x_wconf 89' lang='lat' dir='ltr'><strong>Hora·</strong></span> <span class='ocrx_word' id='word_1_229' title='bbox 1258 2883 1259 2888; x_wconf 18' lang='grc' dir='ltr'>η</span> 
     </span>
    </p>
   </div>
   <div class='ocr_carea' id='block_1_8' title="bbox 150 2917 1175 3182">
    <p class='ocr_par' dir='ltr' id='par_1_8' title="bbox 150 2917 1175 3182">
     <span class='ocr_line' id='line_1_32' title="bbox 150 2917 1175 3006; baseline 0.007 -26"><span class='ocrx_word' id='word_1_230' title='bbox 150 2917 215 2981; x_wconf 90' lang='lat' dir='ltr'><strong>tius</strong></span> <span class='ocrx_word' id='word_1_231' title='bbox 239 2939 334 3002; x_wconf 89' lang='lat' dir='ltr'><strong>saepe</strong></span> <span class='ocrx_word' id='word_1_232' title='bbox 357 2922 495 2984; x_wconf 86' lang='lat' dir='ltr'><strong>testatus</strong></span> <span class='ocrx_word' id='word_1_233' title='bbox 517 2925 569 2985; x_wconf 81' lang='lat' dir='ltr'><strong>ast.</strong></span> <span class='ocrx_word' id='word_1_234' title='bbox 645 2920 687 2986; x_wconf 87' lang='lat'><strong>33</strong></span> <span class='ocrx_word' id='word_1_235' title='bbox 721 2922 820 3006; x_wconf 93' lang='lat' dir='ltr'><strong>quod</strong></span> <span class='ocrx_word' id='word_1_236' title='bbox 852 2929 918 2985; x_wconf 89' lang='lat' dir='ltr'><strong>aut</strong></span> <span class='ocrx_word' id='word_1_237' title='bbox 951 2942 1095 2985; x_wconf 91' lang='lat' dir='ltr'><strong>auarus</strong></span> <span class='ocrx_word' id='word_1_238' title='bbox 1128 2927 1175 2987; x_wconf 89' lang='lat' dir='ltr'><strong>ut</strong></span> 
     </span>
     <span class='ocr_line' id='line_1_33' title="bbox 151 3004 1173 3094; baseline 0.003 -23"><span class='ocrx_word' id='word_1_239' title='bbox 151 3004 329 3072; x_wconf 77' lang='lat' dir='ltr'><strong>Chremes</strong></span> <span class='ocrx_word' id='word_1_240' title='bbox 352 3011 456 3073; x_wconf 88' lang='lat' dir='ltr'><strong>terra</strong></span> <span class='ocrx_word' id='word_1_241' title='bbox 478 3030 660 3094; x_wconf 81' lang='lat' dir='ltr'><strong>premam,</strong></span> <span class='ocrx_word' id='word_1_242' title='bbox 692 3011 845 3094; x_wconf 89' lang='lat' dir='ltr'><strong>quoniam</strong></span> <span class='ocrx_word' id='word_1_243' title='bbox 868 3007 1023 3074; x_wconf 87' lang='lat' dir='ltr'><strong>Chremes</strong></span> <span class='ocrx_word' id='word_1_244' title='bbox 1046 3031 1173 3075; x_wconf 87' lang='lat' dir='ltr'><strong>nomen</strong></span> 
     </span>
     <span class='ocr_line' id='line_1_34' title="bbox 151 3096 1173 3182; baseline 0.006 -23"><span class='ocrx_word' id='word_1_245' title='bbox 151 3096 236 3160; x_wconf 89' lang='lat' dir='ltr'><strong>senis</strong></span> <span class='ocrx_word' id='word_1_246' title='bbox 273 3099 322 3161; x_wconf 88' lang='lat' dir='ltr'><strong>est</strong></span> <span class='ocrx_word' id='word_1_247' title='bbox 352 3097 388 3160; x_wconf 92' lang='lat' dir='ltr'><strong>in</strong></span> <span class='ocrx_word' id='word_1_248' title='bbox 420 3097 607 3182; x_wconf 79' lang='lat' dir='ltr'><strong>comoediis3</strong></span> <span class='ocrx_word' id='word_1_249' title='bbox 649 3098 694 3164; x_wconf 93' lang='lat' dir='ltr'><strong>ibi</strong></span> <span class='ocrx_word' id='word_1_250' title='bbox 727 3101 813 3164; x_wconf 91' lang='lat' dir='ltr'><strong>enim</strong></span> <span class='ocrx_word' id='word_1_251' title='bbox 844 3099 911 3164; x_wconf 86' lang='lat' dir='ltr'><strong>fere</strong></span> <span class='ocrx_word' id='word_1_252' title='bbox 944 3119 1039 3162; x_wconf 89' lang='lat' dir='ltr'><strong>senes</strong></span> <span class='ocrx_word' id='word_1_253' title='bbox 1076 3101 1173 3164; x_wconf 87' lang='lat' dir='ltr'><strong>auari</strong></span> 
     </span>
    </p>
   </div>
   <div class='ocr_carea' id='block_1_9' title="bbox 221 3287 519 3358">
    <p class='ocr_par' dir='ltr' id='par_1_9' title="bbox 221 3287 519 3358">
     <span class='ocr_line' id='line_1_35' title="bbox 221 3287 519 3358; baseline 0.013 -18"><span class='ocrx_word' id='word_1_254' title='bbox 221 3293 255 3340; x_wconf 82' lang='lat'><strong>14</strong></span> <span class='ocrx_word' id='word_1_255' title='bbox 273 3287 374 3342; x_wconf 87' lang='lat' dir='ltr'><strong>Heaut.</strong></span> <span class='ocrx_word' id='word_1_256' title='bbox 395 3293 420 3356; x_wconf 83' lang='lat'><strong>3,</strong></span> <span class='ocrx_word' id='word_1_257' title='bbox 439 3295 464 3358; x_wconf 80' lang='lat'><strong>2,</strong></span> <span class='ocrx_word' id='word_1_258' title='bbox 484 3295 519 3344; x_wconf 79' lang='lat'><strong>20</strong></span> 
     </span>
    </p>
   </div>
   <div class='ocr_carea' id='block_1_10' title="bbox 150 3463 1169 3609">
    <p class='ocr_par' dir='ltr' id='par_1_10' title="bbox 150 3463 1169 3609">
     <span class='ocr_line' id='line_1_36' title="bbox 219 3463 1150 3538; baseline 0.01 -21"><span class='ocrx_word' id='word_1_259' title='bbox 219 3468 237 3517; x_wconf 81' lang='lat'>4</span> <span class='ocrx_word' id='word_1_260' title='bbox 255 3463 437 3533; x_wconf 86' lang='lat' dir='ltr'><strong>suscipiamus</strong></span> <span class='ocrx_word' id='word_1_261' title='bbox 455 3466 535 3520; x_wconf 63' lang='lat' dir='ltr'><strong>Acen:</strong></span> <span class='ocrx_word' id='word_1_262' title='bbox 557 3484 722 3537; x_wconf 83' lang='lat' dir='ltr'><strong>suscrp1mus</strong></span> <span class='ocrx_word' id='word_1_263' title='bbox 741 3471 780 3525; x_wconf 87' lang='grc' dir='ltr'><em>Μ</em></span> <span class='ocrx_word' id='word_1_264' title='bbox 796 3489 814 3538; x_wconf 91' lang='grc' dir='ltr'><strong>ς</strong></span> <span class='ocrx_word' id='word_1_265' title='bbox 885 3475 920 3524; x_wconf 77' lang='lat'><strong>24</strong></span> <span class='ocrx_word' id='word_1_266' title='bbox 939 3485 1029 3524; x_wconf 78' lang='lat' dir='ltr'><strong>circes</strong></span> <span class='ocrx_word' id='word_1_267' title='bbox 1048 3468 1089 3522; x_wconf 82' lang='lat' dir='ltr'><strong><em>M</em></strong></span> <span class='ocrx_word' id='word_1_268' title='bbox 1105 3469 1150 3526; x_wconf 74' lang='lat' dir='ltr'><strong>bie</strong></span> 
     </span>
     <span class='ocr_line' id='line_1_37' title="bbox 150 3534 1169 3609; baseline 0.008 -21"><span class='ocrx_word' id='word_1_269' title='bbox 150 3539 183 3589; x_wconf 77' lang='lat'><strong>26</strong></span> <span class='ocrx_word' id='word_1_270' title='bbox 210 3534 326 3604; x_wconf 78' lang='lat' dir='ltr'><strong>opidum</strong></span> <span class='ocrx_word' id='word_1_271' title='bbox 345 3535 384 3590; x_wconf 88' lang='lat' dir='ltr'><strong><em>M</em></strong></span> <span class='ocrx_word' id='word_1_272' title='bbox 467 3543 500 3591; x_wconf 87' lang='lat'><strong>31</strong></span> <span class='ocrx_word' id='word_1_273' title='bbox 528 3540 714 3608; x_wconf 84' lang='lat' dir='ltr'><strong>sepetestatus</strong></span> <span class='ocrx_word' id='word_1_274' title='bbox 733 3542 771 3596; x_wconf 89' lang='lat' dir='ltr'><em>M</em></span> <span class='ocrx_word' id='word_1_275' title='bbox 774 3563 781 3609; x_wconf 73' lang='grc' dir='ltr'>ς</span> <span class='ocrx_word' id='word_1_276' title='bbox 808 3543 965 3609; x_wconf 69' lang='lat' dir='ltr'><strong>testaturg</strong></span> <span class='ocrx_word' id='word_1_277' title='bbox 1050 3545 1086 3594; x_wconf 79' lang='lat'><strong>32</strong></span> <span class='ocrx_word' id='word_1_278' title='bbox 1107 3557 1169 3596; x_wconf 88' lang='lat' dir='ltr'><strong>cre-</strong></span> 
     </span>
    </p>
   </div>
   <div class='ocr_carea' id='block_1_11' title="bbox 149 3605 1256 3680">
    <p class='ocr_par' dir='ltr' id='par_1_11' title="bbox 149 3605 1256 3680">
     <span class='ocr_line' id='line_1_38' title="bbox 149 3605 1256 3680; baseline 0.007 -21"><span class='ocrx_word' id='word_1_279' title='bbox 149 3621 208 3660; x_wconf 87' lang='lat' dir='ltr'><strong>mes</strong></span> <span class='ocrx_word' id='word_1_280' title='bbox 227 3605 266 3660; x_wconf 87' lang='grc' dir='ltr'><strong><em>Μ</em></strong></span> <span class='ocrx_word' id='word_1_281' title='bbox 343 3608 463 3664; x_wconf 84' lang='lat' dir='ltr'><strong>terra..</strong></span> <span class='ocrx_word' id='word_1_282' title='bbox 483 3607 606 3666; x_wconf 87' lang='lat' dir='ltr'><strong>chremes</strong></span> <span class='ocrx_word' id='word_1_283' title='bbox 624 3627 645 3666; x_wconf 89' lang='lat' dir='ltr'><strong>s.</strong></span> <span class='ocrx_word' id='word_1_284' title='bbox 665 3613 682 3668; x_wconf 82' lang='lat' dir='ltr'><strong>l.</strong></span> <span class='ocrx_word' id='word_1_285' title='bbox 702 3629 736 3669; x_wconf 83' lang='lat' dir='ltr'><strong>m.</strong></span> <span class='ocrx_word' id='word_1_286' title='bbox 755 3619 780 3670; x_wconf 91' lang='lat'><strong>1.</strong></span> <span class='ocrx_word' id='word_1_287' title='bbox 801 3614 839 3668; x_wconf 86' lang='lat' dir='ltr'><strong><em>M</em></strong></span> <span class='ocrx_word' id='word_1_288' title='bbox 917 3619 950 3668; x_wconf 80' lang='lat'><strong>33</strong></span> <span class='ocrx_word' id='word_1_289' title='bbox 970 3609 1107 3668; x_wconf 77' lang='lat' dir='ltr'><strong>comedas</strong></span> <span class='ocrx_word' id='word_1_290' title='bbox 1129 3612 1172 3666; x_wconf 76' lang='lat' dir='ltr'><strong><em>M</em></strong></span> <span class='ocrx_word' id='word_1_291' title='bbox 1255 3669 1256 3680; x_wconf 20' lang='lat'>¹</span> 
     </span>
    </p>
   </div>
   <div class='ocr_carea' id='block_1_12' title="bbox 0 0 1272 3930">
    <p class='ocr_par' dir='ltr' id='par_1_12' title="bbox 0 0 1272 3930">
     <span class='ocr_line' id='line_1_39' title="bbox 0 0 1272 3930; baseline 0 2"><span class='ocrx_word' id='word_1_292' title='bbox 0 0 1272 3930; x_wconf 95' lang='lat' dir='ltr'><strong> </strong></span> 
     </span>
    </p>
   </div>
  </div>
 </body>
</html>
