2378 3934
175 121 241 186 260
486 121 607 178 sanilo
627 123 661 192 ΙΙ,
680 129 705 189 3,
725 127 839 188 sas-4,
860 129 884 177 r.

175 305 264 350 more
286 284 420 349 insanis,
465 287 497 348 et
529 307 606 349 usus
639 289 683 349 asi
708 285 837 370 uulgari
864 286 1037 370 prouerbio
1065 287 1168 352 oleum

174 375 214 437 in
236 373 465 437 incendium.
537 373 603 438 322
627 395 742 438 sanus
765 373 863 438 facis
888 377 925 438 et
946 379 991 439 tu
1015 376 1093 456 [non
1113 375 1168 439 dico

174 461 281 545 inquit
299 462 411 542 sanus]
434 482 511 525 non
531 461 616 527 dico
636 460 869 527 horrendam
891 463 1052 528 rabiem:
1074 467 1108 526 ut
1123 466 1169 526 tibi

174 571 315 634 parcam,
330 572 399 616 non
417 549 489 614 dico
507 550 667 633 poeticam
682 550 806 615 rabiem
819 572 900 616 esse,
946 552 1012 617 326
1037 573 1056 614 0
1070 553 1169 616 maior

148 639 328 708 standum
350 659 486 724 parcas
509 639 644 703 insane
666 639 814 704 minori.
846 639 1059 705 uehementer
1070 639 1170 704 furiose

174 747 213 791 0-0
234 730 267 791 te
290 728 354 792 tuis
378 727 466 792 uitiis
488 727 600 810 redde,
622 727 738 812 quibus
761 731 794 792 te
812 729 989 793 liberatum
1003 729 1090 792 dicis.
1114 749 1172 790 000

175 837 322 899 superior
343 837 478 880 msanus
502 837 555 899 sis,
577 837 673 900 parce
695 817 813 882 minori
835 817 964 882 insano.

575 1024 697 1080 scano
718 1031 747 1092 2,
766 1029 791 1079 4.

264 1129 393 1198 Catium
415 1133 596 1219 interrogat
619 1155 771 1198 cenarum
793 1137 960 1199 auctorem
984 1155 1083 1199 cenae
1101 1155 1175 1217 prae·

26 1288 27 1291 ,
133 1225 276 1305 recepta.
322 1221 419 1286 unde
444 1225 481 1286 et
503 1245 576 1306 quo
600 1221 742 1288 Catius.
788 1219 900 1287 Catius
919 1221 1101 1306 Epicureus
1117 1223 1174 1300 fuit,

174 1310 230 1393 qui
262 1311 391 1395 scripsit
423 1313 577 1394 quattuor
607 1311 708 1376 libros
741 1311 780 1374 de
810 1333 920 1375 rerum
952 1314 1074 1376 natura
1100 1309 1175 1373 etde

175 1417 300 1464 summo
324 1399 420 1466 bono.
467 1401 526 1464 sub
550 1400 618 1465 eius
640 1399 771 1464 nomine
795 1421 859 1483 quo
883 1399 982 1464 modo
998 1401 1035 1464 in
1048 1400 1176 1484 proxima

177 1483 312 1573 Stoicos,
334 1489 382 1552 ito
403 1489 439 1552 in
462 1488 523 1552 hac
546 1487 723 1572 Epicureos
746 1487 906 1552 inrisurus
929 1490 991 1572 est,
1015 1488 1071 1572 qui
1084 1487 1176 1551 dicunt

174 1597 335 1640 summum
352 1577 475 1641 bonum
498 1571 642 1661 ἡδονήν,
667 1576 723 1640 sed
736 1597 843 1640 rerum
857 1575 1086 1659 honestarum3
1108 1575 1177 1640 unde

133 1690 159 1732 15
173 1660 275 1728 Stoici
305 1662 390 1728 hanc
422 1664 517 1748 gulae
547 1668 581 1728 et
608 1665 751 1748 corporis
781 1663 950 1730 libidinem
985 1665 1178 1730 criminantes

172 1751 264 1816 aiunt
284 1747 347 1835 τὴν
374 1747 556 1837 ἀταραξίαν
584 1753 643 1836 τῆς
671 1753 779 1836 ψυχῆς
810 1753 871 1817 hoo
900 1756 950 1817 est
973 1753 1061 1820 nihil
1083 1754 1178 1818 timere

173 1861 232 1905 neo
260 1862 376 1925 cupere
401 1863 561 1906 summum
583 1842 705 1906 bonum
733 1863 811 1906 esse.
857 1841 942 1906 unde
967 1841 1095 1907 Uarro
1117 1840 1179 1905 dicit

173 1932 380 2014 λογομαχίαν
411 1930 496 1995 inter
526 1930 599 1995 illos
632 1951 711 1994 esse.
757 1951 834 2016 ergo
859 1928 992 1998 Catium
1015 1932 1176 2014 interrogat

173 2017 404 2103 philosophum
432 2018 626 2104 Epicureum
664 2019 703 2082 de
733 2040 887 2083 ccnamm
924 2019 1128 2085 ordinatione
1156 2025 1178 2079 et

133 2133 160 2173 so
174 2106 356 2191 uoluptate,
388 2108 465 2192 quia
486 2107 638 2192 Epicurei
661 2129 823 2173 summum
845 2107 970 2173 bonum
992 2110 1173 2192 uoluptates

174 2192 294 2259 dicunt.
362 2197 383 2260 2
406 2218 549 2280 ponere
572 2196 684 2282 signa
706 2197 831 2261 nouis,
867 2218 1030 2280 ponere:
1056 2197 1171 2264 conseri

174 2282 263 2368 bere,
286 2285 479 2369 consignare
500 2307 588 2350 noua
609 2287 792 2368 praecepta.
859 2285 879 2349 3
918 2284 1045 2369 Anyti
1083 2307 1175 2350 reum

175 2368 341 2438 Socratem
365 2373 537 2458 significat,
560 2395 656 2458 quem
669 2372 802 2456 Anytus
821 2374 988 2438 accusauit
1001 2379 1038 2439 et
1051 2373 1176 2438 Meletus

175 2460 261 2545 quod
290 2461 412 2526 iuraret
447 2457 493 2546 μὰ
522 2457 583 2528 τὸν
615 2457 702 2526 κύνα
731 2459 787 2526 καὶ
817 2456 863 2546 μὰ
896 2456 958 2526 τὸν
990 2463 1096 2546 χῆνα,
1131 2484 1173 2544 qu

135 2575 162 2619 ss
176 2549 370 2616 ostendebat
399 2550 495 2615 deum
527 2550 677 2616 omnibus
701 2550 895 2615 animalibus
918 2551 1078 2615 iunctum.
1121 2549 1179 2613 hui

175 2661 303 2725 quoque
331 2640 514 2705 obiecerant
542 2644 575 2704 et
602 2643 715 2724 stupra
741 2660 915 2723 puerorum
943 2642 975 2702 et
998 2639 1089 2723 quod
1109 2661 1176 2702 nou

176 2728 325 2814 prodigia
347 2751 407 2814 pro
431 2728 491 2794 diis
514 2728 657 2812 haberet,
681 2749 764 2812 quae
786 2729 877 2792 nulla
899 2727 1063 2793 maiorum
1082 2726 1174 2812 religi

176 2817 383 2882 meminisset.
458 2819 478 2882 6
515 2816 615 2902 quod
648 2817 681 2880 si
712 2815 960 2882 interciderit
989 2816 1067 2884 tibi
1097 2839 1166 2882 nuu

93 2942 100 2958 -
177 2905 336 2990 aliquid.
380 2906 630 2971 interciderit
652 2927 726 2989 pro:
751 2904 912 2970 exciderit.
981 2907 999 2970 7
1030 2908 1113 2972 siue
1135 2927 1168 2969 es

248 3089 263 3138 1
283 3099 357 3138 sams
377 3082 416 3136 M
468 3087 483 3134 2
506 3081 593 3136 delere
610 3080 698 3134 malui
716 3095 799 3148 quom
817 3079 945 3134 scribere:
969 3096 1027 3133 000
1045 3079 1124 3144 dioc,
1149 3077 1173 3129 in

177 3156 247 3225 quit,
266 3154 370 3210 insanis
433 3158 451 3206 4
468 3153 617 3222 poedrcam
637 3151 675 3204 M
736 3156 752 3205 6
777 3167 813 3204 00
832 3150 944 3215 addidi,
967 3149 1083 3218 quidsm
1099 3147 1171 3203 reddi

176 3228 346 3298 scripserant
418 3229 434 3278 9
453 3224 519 3278 tace
540 3223 655 3277 delacdc
667 3221 813 3287 00100000,
832 3237 893 3275 oca
910 3226 1064 3290 repugnent
1082 3220 1175 3284 inferre

176 3298 254 3352 ribus
277 3295 374 3352 Catius
397 3294 551 3364 Epicureus
576 3309 624 3348 ec.
735 3297 767 3346 10
795 3307 931 3361 eprcurus·
944 3292 987 3346 M.
1006 3291 1070 3359 fort.
1099 3291 1141 3343 hic
1165 3305 1176 3340 e

177 3367 256 3430 iufra
280 3366 428 3436 Epicurius
496 3362 501 3371 '
528 3369 561 3418 10
585 3363 646 3433 guil
687 3363 726 3415 M
818 3362 997 3418 criminantes
1024 3362 1104 3416 aiunt
1130 3375 1174 3413 ms

178 3431 336 3488 onmrnans’
357 3436 396 3488 M
467 3440 499 3489 16
518 3379 701 3495 ὰΤὰΡὰΧΐὰΝ
722 3433 761 3485 Μ
782 3433 886 3502 Porpt.
913 3427 1076 3500 ἀταραξίαν·
1088 3431 1176 3499 Epicu

177 3517 285 3556 reorum
308 3509 332 3556 el
350 3499 483 3558 ἀπειθίαν
502 3503 657 3558 Stoicorum
679 3504 820 3568 miscuisse
837 3505 949 3559 uidetur
1005 3509 1036 3557 17
1055 3503 1138 3556 barro
1159 3501 1176 3551 lt

251 3578 283 3624 19
304 3589 446 3640 epicurum
464 3579 490 3626 et
508 3579 543 3627 20
562 3589 669 3643 epicuri
689 3573 727 3626 M
793 3579 826 3627 22
854 3576 907 3630 sch.
932 3592 960 3628 α.
979 3579 1075 3642 3post
1093 3574 1146 3628 set.
1165 3587 1178 3622 u

178 3643 216 3694 12
235 3645 273 3693 est
290 3642 322 3693 iu
340 3642 379 3692 M
431 3647 463 3694 23
483 3643 598 3697 melotes
618 3645 656 3697 M
1064 3673 1069 3680 ·
