2378 3934
153 116 215 180 168
503 112 651 168 EPODON
672 111 753 166 lbet
773 119 814 166 16.

242 279 284 342 12
311 299 400 342 nam
429 277 462 340 si
490 274 582 361 quid
609 275 648 338 in
669 273 813 339 Flacco
842 275 925 338 uiri
954 279 1021 338 est
1049 270 1089 336 id
1117 275 1180 336 001.

152 367 181 432 01
204 367 281 451 quid
308 366 402 430 uirile
426 365 561 429 Flaccus
584 363 619 428 in
642 362 809 428 sehabet.
900 364 941 428 13
964 383 1050 428 non
1076 361 1179 424 feret

153 456 338 521 adsiduas
366 453 516 539 potiori
543 457 580 516 te
609 452 701 516 dare
724 455 869 516 noctes.
927 449 1092 535 potiori
1116 473 1177 514 non

153 567 192 610 ex
215 567 275 610 rua
296 542 584 630 personaFlaccus
608 542 690 606 dixit
704 537 822 626 (neque
845 541 932 604 enim
947 541 1099 606 riualem
1120 539 1178 602 sibi

126 653 248 698 esuum
271 628 428 718 praefert)
451 631 507 694 sed
530 630 585 715 qui
608 631 693 714 apud
716 633 749 694 te
772 629 880 713 potior
903 635 962 694 est.
1037 627 1086 693 15
1112 649 1181 691 nec

155 722 273 787 semel
300 721 478 786 offensae
506 719 617 783 cedet
648 719 878 784 constantia
909 719 1081 785 formae:
1120 737 1181 801 que

154 811 254 875 semel
285 810 406 875 offensa
435 811 493 873 001.
551 807 584 871 id
617 811 681 872 est:
713 829 773 872 nec
803 808 952 872 uincetur
983 806 1186 872 constantia

152 921 227 964 mea
250 921 269 962 a
291 902 349 962 tua
371 898 490 981 forma,
519 895 690 980 quominus
713 897 804 960 illam
827 898 1038 982 contempnat
1064 917 1111 960 ac
1135 917 1180 958 re-

153 988 290 1071 linquat,
311 989 340 1052 st
362 986 618 1072 indignationem
641 989 762 1050 certam
785 1006 972 1069 concepero.
1072 987 1120 1048 17
1145 989 1179 1048 et

115 1095 141 1134 10
154 1081 196 1140 tu
224 1077 454 1162 quicumque
482 1097 520 1140 00
547 1075 715 1140 felicior.
775 1075 815 1138 ad
837 1073 973 1139 nualem
993 1073 1062 1139 hoc
1091 1075 1181 1138 dicit.

245 1166 286 1230 17
310 1169 425 1251 atque
448 1185 528 1229 meo
551 1185 652 1228 nunc
675 1163 865 1247 superbus
888 1163 1039 1228 incedis
1069 1165 1182 1228 malo

154 1254 271 1318 idest:
294 1255 355 1318 tibi
377 1254 509 1337 placens
533 1275 571 1317 ac
594 1252 764 1338 gloriosus.
824 1253 865 1317 19
890 1253 943 1318 sis
966 1273 1120 1337 pecore
1144 1253 1187 1328 et}

155 1344 279 1408 multa
306 1343 415 1407 diues
442 1342 586 1406 tellure
614 1340 763 1406 licebit.
821 1341 919 1405 etiam
946 1341 1074 1406 diuitiis
1101 1341 1187 1405 felix

157 1433 201 1496 sis
223 1434 353 1517 praeter
375 1453 484 1497 amore
506 1429 660 1496 Neaerae.
741 1431 785 1495 20
807 1431 958 1517 tibique
981 1430 1178 1494 Pactolus

117 1520 261 1585 15111101
292 1521 325 1584 id
357 1523 420 1584 est:
453 1520 597 1584 abundes
631 1541 725 1602 auro,
758 1520 833 1602 quia
864 1518 1018 1584 Pactolus
1051 1519 1177 1583 fluuius

156 1630 270 1672 aurum
283 1608 367 1672 ferre
381 1609 506 1672 dicitur.
556 1609 597 1672 21
616 1630 686 1674 nec
704 1613 741 1672 te
758 1605 1007 1694 Pythagorae
1026 1608 1188 1688 fallant

157 1717 300 1760 arcana
326 1697 456 1760 renati
487 1697 520 1760 id
550 1700 613 1761 est:
642 1698 719 1761 licet
742 1696 947 1762 doctissimus
971 1697 1026 1762 010.
1073 1691 1188 1781 quarel

156 1787 264 1849 autem
286 1789 420 1850 renatus
442 1784 630 1871 Pythagora
653 1786 786 1870 dicatur,
808 1789 924 1851 notum
947 1790 998 1850 001
1021 1790 1056 1850 01
1074 1809 1177 1870 supra

157 1874 305 1939 diximus.
365 1876 407 1939 22
430 1875 631 1960 formaque
654 1874 791 1940 uineas
813 1873 942 1940 Nirea.
982 1874 1070 1940 hunc
1098 1898 1177 1960 quo-

116 1983 144 2022 ae
159 1986 219 2048 que
244 1986 341 2049 supra
363 1964 545 2028 rettulimus
568 1963 838 2030 formosissimum
861 1965 902 2028 ab
916 1963 1060 2030 Homero
1081 1988 1174 2048 prae-

159 2052 259 2116 dicari
271 2053 334 2118 hoc
356 2075 468 2117 uersu:
492 2048 620 2136 Νιρεὺς
643 2045 682 2129 ὃς
694 2047 870 2130 κάλλιστος
884 2047 973 2138 ἀνὴρ
987 2047 1053 2118 ὑπὸ
1063 2048 1177 2118 Ἴλιον

156 2129 273 2223 ἦλθεν.
318 2141 681 2206 231001000010100
700 2141 780 2206 alio
799 2142 993 2207 maerebis
1012 2165 1177 2208 amores

156 2228 346 2311 ingemescit
368 2229 433 2292 iam
457 2230 561 2294 uicem
583 2229 671 2295 illius
695 2231 750 2314 qui
772 2231 911 2316 relinqui
933 2231 1103 2298 maerebit.

157 2317 201 2380 24
229 2319 291 2380 ast
319 2337 388 2402 ego
417 2318 594 2383 uicissim
622 2319 762 2384 risere.
820 2322 945 2386 risere
974 2321 1072 2386 modo
1099 2343 1176 2386 con-

116 2423 144 2464 a
158 2404 303 2470 iunctiuo
332 2405 448 2471 dicitur
477 2412 623 2493 tempore
646 2407 770 2492 futuro,
794 2413 832 2474 ut
854 2414 904 2474 est
926 2410 1007 2474 illud
1031 2410 1174 2474 Teren-

157 2493 305 2559 tianum
328 2493 450 2560 Uxori
473 2496 549 2561 tibi
572 2493 668 2582 dpus
692 2519 777 2562 esse
801 2499 943 2564 dixero.

467 2688 619 2744 EPODON
638 2688 792 2745 clarium
812 2698 853 2748 16.

249 2796 387 2864 Altera
414 2799 490 2863 iam
517 2799 663 2864 teritur
691 2800 812 2866 bellis
840 2801 1025 2866 ciuilibus
1054 2805 1172 2865 aetas

157 2885 303 2959 queritur
330 2889 364 2951 in
390 2888 452 2953 hae
481 2888 606 2974 ecloga,
638 2890 723 2972 quod
755 2890 850 2954 bellis
882 2889 1031 2954 ciuilibus
1063 2890 1169 2953 nullus

154 2991 371 3012 κ

228 3045 262 3094 aa
280 3043 391 3099 Phorm.
411 3051 436 3115 4,
456 3051 481 3112 3,
501 3051 534 3100 co

152 3131 370 3156 ’χω-

228 3188 244 3235 6
264 3187 372 3242 offensa
390 3189 428 3242 M
512 3195 528 3244 8
548 3189 757 3258 quominnsrlla
776 3190 814 3243 M
902 3196 918 3244 9
937 3189 1055 3256 foetasse
1072 3205 1126 3243 000
1141 3189 1166 3240 si

151 3243 314 3312 addendam
330 3261 396 3327 fait,
413 3261 460 3315 sed
477 3262 547 3315 aeui
564 3261 660 3316 celwla'i
679 3262 787 3314 tauma:
806 3260 830 3314 si
849 3263 942 3314 certus
960 3259 1076 3314 intrarit
1092 3259 1167 3313 dolor

229 3327 262 3375 11
283 3331 409 3398 superbrs
428 3331 467 3383 M
542 3333 762 3400 12000101·οΜ
838 3331 1058 3384 13d1ut1usM
1133 3335 1164 3381 14

150 3389 282 3492 ssmOrem
301 3415 319 3462 ς
390 3399 520 3467 paetulos
539 3401 578 3452 M
649 3407 681 3453 16
700 3401 849 3470 pithagore
868 3442 874 3454 .
895 3442 901 3454 .
921 3402 1046 3455 archana
1065 3402 1102 3455 M

170 3451 292 3516 9nerea
311 3467 349 3518 M
418 3474 451 3520 21
472 3468 867 3530 ΝΗ·ΡΕΙ(01111οΝΝΛΘΕΝ
888 3473 926 3526 M
997 3471 1164 3527 2210010100

150 3509 192 3565 M
267 3536 301 3585 23
319 3536 457 3590 maerebit
479 3553 541 3591 aas:
564 3542 667 3593 meruit
687 3541 724 3593 M
803 3547 837 3595 26
860 3559 972 3598 uxore.
994 3585 1000 3602 .
1020 3546 1063 3597 est
1082 3543 1118 3596 M

148 3584 185 3635 ²9
207 3595 315 3669 egloga
334 3605 373 3656 M
