<?xml version="1.0" encoding="UTF-8"?>
<!DOCTYPE html PUBLIC "-//W3C//DTD XHTML 1.0 Transitional//EN"
    "http://www.w3.org/TR/xhtml1/DTD/xhtml1-transitional.dtd">
<html xmlns="http://www.w3.org/1999/xhtml" xml:lang="en" lang="en">
 <head>
  <title>
</title>
<meta http-equiv="Content-Type" content="text/html;charset=utf-8" />
  <meta name='ocr-system' content='tesseract 3.04.00' />
  <meta name='ocr-capabilities' content='ocr_page ocr_carea ocr_par ocr_line ocrx_word'/>
</head>
<body>
  <div class='ocr_page' id='page_1' title='image "./commentuminhora01porpgoog_0253.png"; bbox 0 0 2378 3934; ppageno 0'>
   <div class='ocr_carea' id='block_1_1' title="bbox 360 138 1034 208">
    <p class='ocr_par' dir='ltr' id='par_1_1' title="bbox 360 138 1034 208">
     <span class='ocr_line' id='line_1_1' title="bbox 360 138 1034 208; baseline 0.019 -14"><span class='ocrx_word' id='word_1_1' title='bbox 360 138 482 196; x_wconf 75' lang='lat' dir='ltr'><strong>suano</strong></span> <span class='ocrx_word' id='word_1_2' title='bbox 501 141 522 207; x_wconf 89' lang='lat'><strong>1,</strong></span> <span class='ocrx_word' id='word_1_3' title='bbox 543 147 585 208; x_wconf 80' lang='grc' dir='ltr'><strong>ιο,</strong></span> <span class='ocrx_word' id='word_1_4' title='bbox 604 146 701 196; x_wconf 78' lang='lat'>3-14,</span> <span class='ocrx_word' id='word_1_5' title='bbox 968 141 1034 206; x_wconf 72' lang='lat'><strong>237</strong></span> 
     </span>
    </p>
   </div>
   <div class='ocr_carea' id='block_1_2' title="bbox 4 301 1081 1986">
    <p class='ocr_par' dir='ltr' id='par_1_2' title="bbox 4 301 1081 1986">
     <span class='ocr_line' id='line_1_2' title="bbox 33 301 1037 390; baseline 0.004 -24"><span class='ocrx_word' id='word_1_6' title='bbox 33 303 139 368; x_wconf 79' lang='lat' dir='ltr'><strong>Lucilii</strong></span> <span class='ocrx_word' id='word_1_7' title='bbox 167 323 278 366; x_wconf 89' lang='lat' dir='ltr'><strong>uersus</strong></span> <span class='ocrx_word' id='word_1_8' title='bbox 306 301 515 386; x_wconf 73' lang='lat' dir='ltr'><strong>dampnarent</strong></span> <span class='ocrx_word' id='word_1_9' title='bbox 537 301 573 366; x_wconf 92' lang='lat' dir='ltr'><strong>in</strong></span> <span class='ocrx_word' id='word_1_10' title='bbox 595 323 634 368; x_wconf 87' lang='lat' dir='ltr'><strong>ea</strong></span> <span class='ocrx_word' id='word_1_11' title='bbox 664 308 788 389; x_wconf 85' lang='lat' dir='ltr'><strong>satura,</strong></span> <span class='ocrx_word' id='word_1_12' title='bbox 815 327 913 390; x_wconf 87' lang='lat' dir='ltr'><strong>quam</strong></span> <span class='ocrx_word' id='word_1_13' title='bbox 940 327 1037 388; x_wconf 89' lang='lat' dir='ltr'><strong>supra</strong></span> 
     </span>
     <span class='ocr_line' id='line_1_3' title="bbox 4 388 1036 480; baseline 0.002 -24"><span class='ocrx_word' id='word_1_14' title='bbox 4 437 5 464; x_wconf 55' lang='lat'>2</span> <span class='ocrx_word' id='word_1_15' title='bbox 33 391 151 473; x_wconf 87' lang='lat' dir='ltr'><strong>habuit,</strong></span> <span class='ocrx_word' id='word_1_16' title='bbox 182 411 264 474; x_wconf 92' lang='lat' dir='ltr'><strong>quae</strong></span> <span class='ocrx_word' id='word_1_17' title='bbox 291 390 338 455; x_wconf 91' lang='lat' dir='ltr'><strong>sic</strong></span> <span class='ocrx_word' id='word_1_18' title='bbox 365 389 480 474; x_wconf 89' lang='lat' dir='ltr'><strong>incipit</strong></span> <span class='ocrx_word' id='word_1_19' title='bbox 510 388 673 475; x_wconf 76' lang='lat' dir='ltr'><strong>Eupolis</strong></span> <span class='ocrx_word' id='word_1_20' title='bbox 706 396 831 480; x_wconf 67' lang='lat' dir='ltr'><strong>atque,</strong></span> <span class='ocrx_word' id='word_1_21' title='bbox 853 391 1036 458; x_wconf 75' lang='lat' dir='ltr'><strong>Cratinus</strong></span> 
     </span>
     <span class='ocr_line' id='line_1_4' title="bbox 4 479 1036 564; baseline 0.003 -20"><span class='ocrx_word' id='word_1_22' title='bbox 4 493 6 526; x_wconf 50' lang='grc' dir='ltr'>ὲ</span> <span class='ocrx_word' id='word_1_23' title='bbox 33 479 385 563; x_wconf 76' lang='lat' dir='ltr'><strong>Aristophanesque</strong></span> <span class='ocrx_word' id='word_1_24' title='bbox 408 481 556 564; x_wconf 88' lang='lat' dir='ltr'><strong>poetae.</strong></span> <span class='ocrx_word' id='word_1_25' title='bbox 591 501 669 545; x_wconf 90' lang='lat' dir='ltr'><strong>nam</strong></span> <span class='ocrx_word' id='word_1_26' title='bbox 692 480 818 547; x_wconf 84' lang='lat' dir='ltr'><strong>dixerat</strong></span> <span class='ocrx_word' id='word_1_27' title='bbox 840 481 887 548; x_wconf 93' lang='lat' dir='ltr'><strong>ibi</strong></span> <span class='ocrx_word' id='word_1_28' title='bbox 908 480 1036 547; x_wconf 87' lang='lat' dir='ltr'><strong>Durus</strong></span> 
     </span>
     <span class='ocr_line' id='line_1_5' title="bbox 32 568 1037 653; baseline 0.002 -19"><span class='ocrx_word' id='word_1_29' title='bbox 32 589 255 653; x_wconf 87' lang='lat' dir='ltr'><strong>componere</strong></span> <span class='ocrx_word' id='word_1_30' title='bbox 277 588 426 652; x_wconf 76' lang='lat' dir='ltr'><strong>uersus3</strong></span> <span class='ocrx_word' id='word_1_31' title='bbox 448 589 535 632; x_wconf 87' lang='lat' dir='ltr'><strong>nam</strong></span> <span class='ocrx_word' id='word_1_32' title='bbox 557 568 635 634; x_wconf 85' lang='lat' dir='ltr'><strong>fuit</strong></span> <span class='ocrx_word' id='word_1_33' title='bbox 652 569 724 635; x_wconf 91' lang='lat' dir='ltr'><strong>hoc</strong></span> <span class='ocrx_word' id='word_1_34' title='bbox 742 570 919 638; x_wconf 90' lang='lat' dir='ltr'><strong>uitiosus.</strong></span> <span class='ocrx_word' id='word_1_35' title='bbox 950 592 1037 636; x_wconf 88' lang='lat' dir='ltr'><strong>nuno</strong></span> 
     </span>
     <span class='ocr_line' id='line_1_6' title="bbox 35 655 1065 744; baseline -0.002 -22"><span class='ocrx_word' id='word_1_36' title='bbox 35 661 132 722; x_wconf 87' lang='lat' dir='ltr'><strong>autem</strong></span> <span class='ocrx_word' id='word_1_37' title='bbox 160 655 239 722; x_wconf 89' lang='lat' dir='ltr'><strong>dicit</strong></span> <span class='ocrx_word' id='word_1_38' title='bbox 270 677 339 722; x_wconf 93' lang='lat' dir='ltr'><strong>non</strong></span> <span class='ocrx_word' id='word_1_39' title='bbox 371 677 406 721; x_wconf 92' lang='lat' dir='ltr'><strong>se</strong></span> <span class='ocrx_word' id='word_1_40' title='bbox 437 659 569 742; x_wconf 88' lang='lat' dir='ltr'><strong>poetam</strong></span> <span class='ocrx_word' id='word_1_41' title='bbox 600 657 804 744; x_wconf 79' lang='lat' dir='ltr'><strong>inprobasse,</strong></span> <span class='ocrx_word' id='word_1_42' title='bbox 836 659 894 726; x_wconf 90' lang='lat' dir='ltr'><strong>sed</strong></span> <span class='ocrx_word' id='word_1_43' title='bbox 924 677 1065 725; x_wconf 84' lang='lat' dir='ltr'><strong>uersusc</strong></span> 
     </span>
     <span class='ocr_line' id='line_1_7' title="bbox 34 745 1038 830; baseline 0.004 -20"><span class='ocrx_word' id='word_1_44' title='bbox 34 747 92 810; x_wconf 88' lang='lat' dir='ltr'><strong>eius</strong></span> <span class='ocrx_word' id='word_1_45' title='bbox 118 767 200 830; x_wconf 89' lang='lat' dir='ltr'><strong>quos</strong></span> <span class='ocrx_word' id='word_1_46' title='bbox 229 767 297 810; x_wconf 92' lang='lat' dir='ltr'><strong>non</strong></span> <span class='ocrx_word' id='word_1_47' title='bbox 324 767 383 816; x_wconf 84' lang='lat' dir='ltr'><strong>suo</strong></span> <span class='ocrx_word' id='word_1_48' title='bbox 411 745 492 812; x_wconf 90' lang='lat' dir='ltr'><strong>uitio</strong></span> <span class='ocrx_word' id='word_1_49' title='bbox 522 745 620 812; x_wconf 87' lang='lat' dir='ltr'><strong>duros</strong></span> <span class='ocrx_word' id='word_1_50' title='bbox 643 747 700 812; x_wconf 89' lang='lat' dir='ltr'><strong>sed</strong></span> <span class='ocrx_word' id='word_1_51' title='bbox 723 747 843 814; x_wconf 85' lang='lat' dir='ltr'><strong>saeculi</strong></span> <span class='ocrx_word' id='word_1_52' title='bbox 864 747 950 814; x_wconf 88' lang='lat' dir='ltr'><strong>fecit</strong></span> <span class='ocrx_word' id='word_1_53' title='bbox 1018 749 1038 814; x_wconf 88' lang='lat'><strong>3</strong></span> 
     </span>
     <span class='ocr_line' id='line_1_8' title="bbox 4 834 1040 918; baseline 0.003 -19"><span class='ocrx_word' id='word_1_54' title='bbox 4 907 5 914; x_wconf 8' lang='grc' dir='ltr'>ἵ</span> <span class='ocrx_word' id='word_1_55' title='bbox 34 839 65 899; x_wconf 88' lang='lat' dir='ltr'><strong>at</strong></span> <span class='ocrx_word' id='word_1_56' title='bbox 75 835 174 900; x_wconf 90' lang='lat' dir='ltr'><strong>idem</strong></span> <span class='ocrx_word' id='word_1_57' title='bbox 193 834 296 918; x_wconf 92' lang='lat' dir='ltr'><strong>quod</strong></span> <span class='ocrx_word' id='word_1_58' title='bbox 315 835 394 900; x_wconf 88' lang='lat' dir='ltr'><strong>sale</strong></span> <span class='ocrx_word' id='word_1_59' title='bbox 412 835 533 900; x_wconf 89' lang='lat' dir='ltr'><strong>multo</strong></span> <span class='ocrx_word' id='word_1_60' title='bbox 552 835 684 902; x_wconf 85' lang='lat' dir='ltr'><strong>urbem</strong></span> <span class='ocrx_word' id='word_1_61' title='bbox 703 836 887 904; x_wconf 73' lang='lat' dir='ltr'><strong>defricuit</strong></span> <span class='ocrx_word' id='word_1_62' title='bbox 905 837 1040 902; x_wconf 87' lang='lat' dir='ltr'><strong>charta</strong></span> 
     </span>
     <span class='ocr_line' id='line_1_9' title="bbox 35 923 1039 1010; baseline 0.003 -23"><span class='ocrx_word' id='word_1_63' title='bbox 35 923 216 990; x_wconf 86' lang='lat' dir='ltr'><strong>laudatur.</strong></span> <span class='ocrx_word' id='word_1_64' title='bbox 271 924 373 988; x_wconf 85' lang='lat' dir='ltr'><strong>salem</strong></span> <span class='ocrx_word' id='word_1_65' title='bbox 399 944 459 1008; x_wconf 91' lang='lat' dir='ltr'><strong>pro</strong></span> <span class='ocrx_word' id='word_1_66' title='bbox 487 923 672 990; x_wconf 84' lang='lat' dir='ltr'><strong>urbanitate</strong></span> <span class='ocrx_word' id='word_1_67' title='bbox 700 926 818 1010; x_wconf 87' lang='lat' dir='ltr'><strong>posuit.</strong></span> <span class='ocrx_word' id='word_1_68' title='bbox 873 926 929 992; x_wconf 96' lang='lat' dir='ltr'><strong>sed</strong></span> <span class='ocrx_word' id='word_1_69' title='bbox 956 927 1039 992; x_wconf 87' lang='lat' dir='ltr'><strong>sales</strong></span> 
     </span>
     <span class='ocr_line' id='line_1_10' title="bbox 4 1011 1040 1099; baseline 0.01 -28"><span class='ocrx_word' id='word_1_70' title='bbox 4 1055 6 1070; x_wconf 64' lang='lat'><strong>.</strong></span> <span class='ocrx_word' id='word_1_71' title='bbox 35 1011 142 1076; x_wconf 87' lang='lat' dir='ltr'><strong>inhac</strong></span> <span class='ocrx_word' id='word_1_72' title='bbox 165 1011 405 1098; x_wconf 81' lang='lat' dir='ltr'><strong>significatione</strong></span> <span class='ocrx_word' id='word_1_73' title='bbox 427 1012 596 1097; x_wconf 86' lang='lat' dir='ltr'><strong>pluraliter</strong></span> <span class='ocrx_word' id='word_1_74' title='bbox 619 1014 725 1079; x_wconf 90' lang='lat' dir='ltr'><strong>solent</strong></span> <span class='ocrx_word' id='word_1_75' title='bbox 746 1014 810 1080; x_wconf 92' lang='lat' dir='ltr'><strong>dici</strong></span> <span class='ocrx_word' id='word_1_76' title='bbox 832 1036 946 1080; x_wconf 89' lang='lat' dir='ltr'><strong>uerum</strong></span> <span class='ocrx_word' id='word_1_77' title='bbox 964 1015 1040 1099; x_wconf 87' lang='lat' dir='ltr'><strong>quia</strong></span> 
     </span>
     <span class='ocr_line' id='line_1_11' title="bbox 4 1099 1081 1188; baseline 0.006 -24"><span class='ocrx_word' id='word_1_78' title='bbox 4 1103 6 1182; x_wconf 62' lang='grc' dir='ltr'>ᾖ</span> <span class='ocrx_word' id='word_1_79' title='bbox 34 1100 212 1166; x_wconf 80' lang='lat' dir='ltr'><strong>defricuit</strong></span> <span class='ocrx_word' id='word_1_80' title='bbox 235 1099 380 1166; x_wconf 77' lang='lat' dir='ltr'><strong>diotimus</strong></span> <span class='ocrx_word' id='word_1_81' title='bbox 398 1104 477 1186; x_wconf 84' lang='lat' dir='ltr'><strong>erat,</strong></span> <span class='ocrx_word' id='word_1_82' title='bbox 498 1121 630 1166; x_wconf 87' lang='lat' dir='ltr'><strong>necesse</strong></span> <span class='ocrx_word' id='word_1_83' title='bbox 652 1101 767 1168; x_wconf 83' lang='lat' dir='ltr'><strong>habuit</strong></span> <span class='ocrx_word' id='word_1_84' title='bbox 785 1104 878 1188; x_wconf 85' lang='lat' dir='ltr'><strong>qussi</strong></span> <span class='ocrx_word' id='word_1_85' title='bbox 899 1103 939 1169; x_wconf 93' lang='lat' dir='ltr'><strong>de</strong></span> <span class='ocrx_word' id='word_1_86' title='bbox 961 1125 1040 1170; x_wconf 89' lang='lat' dir='ltr'><strong>uero</strong></span> <span class='ocrx_word' id='word_1_87' title='bbox 1055 1129 1081 1170; x_wconf 78' lang='lat' dir='ltr'><strong>rc</strong></span> 
     </span>
     <span class='ocr_line' id='line_1_12' title="bbox 36 1189 1040 1276; baseline 0.005 -22.846"><span class='ocrx_word' id='word_1_88' title='bbox 36 1190 111 1274; x_wconf 90' lang='lat' dir='ltr'><strong>loqui</strong></span> <span class='ocrx_word' id='word_1_89' title='bbox 139 1192 173 1254; x_wconf 88' lang='lat' dir='ltr'><strong>et</strong></span> <span class='ocrx_word' id='word_1_90' title='bbox 201 1189 275 1256; x_wconf 89' lang='lat' dir='ltr'><strong>ideo</strong></span> <span class='ocrx_word' id='word_1_91' title='bbox 303 1189 462 1276; x_wconf 77' lang='lat' dir='ltr'><strong>singulari</strong></span> <span class='ocrx_word' id='word_1_92' title='bbox 487 1211 623 1255; x_wconf 91' lang='lat' dir='ltr'><strong>numero</strong></span> <span class='ocrx_word' id='word_1_93' title='bbox 651 1190 740 1256; x_wconf 85' lang='lat' dir='ltr'><strong>dixit.</strong></span> <span class='ocrx_word' id='word_1_94' title='bbox 789 1193 908 1258; x_wconf 90' lang='lat' dir='ltr'><strong>scimus</strong></span> <span class='ocrx_word' id='word_1_95' title='bbox 931 1197 1040 1258; x_wconf 84' lang='lat' dir='ltr'><strong>autem</strong></span> 
     </span>
     <span class='ocr_line' id='line_1_13' title="bbox 4 1277 1041 1365; baseline 0.006 -25"><span class='ocrx_word' id='word_1_96' title='bbox 4 1283 6 1352; x_wconf 79' lang='grc' dir='ltr'><strong>Ῐ</strong></span> <span class='ocrx_word' id='word_1_97' title='bbox 33 1277 182 1344; x_wconf 88' lang='lat' dir='ltr'><strong>Lucilium</strong></span> <span class='ocrx_word' id='word_1_98' title='bbox 197 1278 331 1344; x_wconf 86' lang='lat' dir='ltr'><strong>urbanis</strong></span> <span class='ocrx_word' id='word_1_99' title='bbox 351 1279 473 1344; x_wconf 88' lang='lat' dir='ltr'><strong>salibus</strong></span> <span class='ocrx_word' id='word_1_100' title='bbox 495 1279 615 1344; x_wconf 89' lang='lat' dir='ltr'><strong>multos</strong></span> <span class='ocrx_word' id='word_1_101' title='bbox 629 1278 851 1346; x_wconf 84' lang='lat' dir='ltr'><strong>Romanorum</strong></span> <span class='ocrx_word' id='word_1_102' title='bbox 874 1280 1041 1365; x_wconf 86' lang='lat' dir='ltr'><strong>carpsisse.</strong></span> 
     </span>
     <span class='ocr_line' id='line_1_14' title="bbox 4 1366 1041 1462; baseline 0.005 -31"><span class='ocrx_word' id='word_1_103' title='bbox 4 1433 6 1462; x_wconf 24' lang='grc' dir='ltr'>ι</span> <span class='ocrx_word' id='word_1_104' title='bbox 108 1367 130 1432; x_wconf 83' lang='grc'>5</span> <span class='ocrx_word' id='word_1_105' title='bbox 165 1389 252 1432; x_wconf 87' lang='lat' dir='ltr'><strong>nam</strong></span> <span class='ocrx_word' id='word_1_106' title='bbox 284 1368 340 1432; x_wconf 91' lang='lat' dir='ltr'><strong>sic</strong></span> <span class='ocrx_word' id='word_1_107' title='bbox 367 1371 404 1432; x_wconf 93' lang='lat' dir='ltr'><strong>et</strong></span> <span class='ocrx_word' id='word_1_108' title='bbox 431 1366 572 1433; x_wconf 85' lang='lat' dir='ltr'><strong>Laberi</strong></span> <span class='ocrx_word' id='word_1_109' title='bbox 598 1368 741 1434; x_wconf 87' lang='lat' dir='ltr'><strong>mimos.</strong></span> <span class='ocrx_word' id='word_1_110' title='bbox 785 1367 900 1434; x_wconf 75' lang='lat' dir='ltr'><strong>Laberi</strong></span> <span class='ocrx_word' id='word_1_111' title='bbox 930 1370 1041 1436; x_wconf 71' lang='lat' dir='ltr'><strong>manos</strong></span> 
     </span>
     <span class='ocr_line' id='line_1_15' title="bbox 4 1455 1042 1542; baseline 0.003 -22"><span class='ocrx_word' id='word_1_112' title='bbox 4 1517 5 1520; x_wconf 74' lang='grc'>,</span> <span class='ocrx_word' id='word_1_113' title='bbox 35 1460 119 1540; x_wconf 79' lang='lat' dir='ltr'><strong>negat</strong></span> <span class='ocrx_word' id='word_1_114' title='bbox 152 1477 353 1542; x_wconf 76' lang='lat' dir='ltr'><strong>magnopere</strong></span> <span class='ocrx_word' id='word_1_115' title='bbox 385 1455 551 1522; x_wconf 86' lang='lat' dir='ltr'><strong>mirandos</strong></span> <span class='ocrx_word' id='word_1_116' title='bbox 587 1477 673 1540; x_wconf 87' lang='lat' dir='ltr'><strong>esse,</strong></span> <span class='ocrx_word' id='word_1_117' title='bbox 709 1457 856 1541; x_wconf 87' lang='lat' dir='ltr'><strong>quemuis</strong></span> <span class='ocrx_word' id='word_1_118' title='bbox 892 1457 972 1524; x_wconf 85' lang='lat' dir='ltr'><strong>iocis</strong></span> <span class='ocrx_word' id='word_1_119' title='bbox 1009 1461 1042 1523; x_wconf 89' lang='lat' dir='ltr'><strong>et</strong></span> 
     </span>
     <span class='ocr_line' id='line_1_16' title="bbox 35 1545 1080 1630; baseline 0.005 -21"><span class='ocrx_word' id='word_1_120' title='bbox 35 1545 239 1610; x_wconf 85' lang='lat' dir='ltr'><strong>amaritudine</strong></span> <span class='ocrx_word' id='word_1_121' title='bbox 268 1545 470 1611; x_wconf 83' lang='lat' dir='ltr'><strong>abundantes</strong></span> <span class='ocrx_word' id='word_1_122' title='bbox 499 1545 578 1630; x_wconf 85' lang='lat' dir='ltr'><strong>sint,</strong></span> <span class='ocrx_word' id='word_1_123' title='bbox 605 1567 639 1610; x_wconf 93' lang='lat' dir='ltr'><strong>re</strong></span> <span class='ocrx_word' id='word_1_124' title='bbox 667 1565 746 1611; x_wconf 89' lang='lat' dir='ltr'><strong>uera</strong></span> <span class='ocrx_word' id='word_1_125' title='bbox 772 1545 911 1612; x_wconf 88' lang='lat' dir='ltr'><strong>humiles</strong></span> <span class='ocrx_word' id='word_1_126' title='bbox 943 1550 976 1611; x_wconf 83' lang='lat' dir='ltr'><strong>et</strong></span> <span class='ocrx_word' id='word_1_127' title='bbox 1004 1547 1041 1612; x_wconf 90' lang='lat' dir='ltr'><strong>in</strong></span> <span class='ocrx_word' id='word_1_128' title='bbox 1054 1571 1080 1614; x_wconf 78' lang='lat' dir='ltr'><strong>rs</strong></span> 
     </span>
     <span class='ocr_line' id='line_1_17' title="bbox 4 1633 1040 1721; baseline 0.003 -23"><span class='ocrx_word' id='word_1_129' title='bbox 4 1671 6 1698; x_wconf 58' lang='grc' dir='ltr'>ι</span> <span class='ocrx_word' id='word_1_130' title='bbox 37 1635 128 1699; x_wconf 88' lang='lat' dir='ltr'><strong>uerbis</strong></span> <span class='ocrx_word' id='word_1_131' title='bbox 154 1637 190 1699; x_wconf 87' lang='lat' dir='ltr'><strong>et</strong></span> <span class='ocrx_word' id='word_1_132' title='bbox 211 1635 247 1698; x_wconf 93' lang='lat' dir='ltr'><strong>in</strong></span> <span class='ocrx_word' id='word_1_133' title='bbox 270 1633 534 1718; x_wconf 89' lang='lat' dir='ltr'><strong>conceptionibus</strong></span> <span class='ocrx_word' id='word_1_134' title='bbox 556 1639 587 1700; x_wconf 86' lang='lat' dir='ltr'><strong>et</strong></span> <span class='ocrx_word' id='word_1_135' title='bbox 612 1635 648 1699; x_wconf 82' lang='lat' dir='ltr'><strong>ia</strong></span> <span class='ocrx_word' id='word_1_136' title='bbox 675 1635 819 1700; x_wconf 85' lang='lat' dir='ltr'><strong>materia.</strong></span> <span class='ocrx_word' id='word_1_137' title='bbox 900 1636 919 1700; x_wconf 82' lang='lat'>7</span> <span class='ocrx_word' id='word_1_138' title='bbox 949 1656 1040 1721; x_wconf 86' lang='lat' dir='ltr'><strong>ergo</strong></span> 
     </span>
     <span class='ocr_line' id='line_1_18' title="bbox 35 1722 1041 1790; baseline 0.004 -3.88"><span class='ocrx_word' id='word_1_139' title='bbox 35 1743 97 1787; x_wconf 91' lang='lat' dir='ltr'><strong>non</strong></span> <span class='ocrx_word' id='word_1_140' title='bbox 127 1723 232 1788; x_wconf 85' lang='lat' dir='ltr'><strong>satis</strong></span> <span class='ocrx_word' id='word_1_141' title='bbox 264 1726 324 1788; x_wconf 86' lang='lat' dir='ltr'><strong>est</strong></span> <span class='ocrx_word' id='word_1_142' title='bbox 348 1723 432 1788; x_wconf 91' lang='lat' dir='ltr'><strong>risu</strong></span> <span class='ocrx_word' id='word_1_143' title='bbox 459 1722 642 1789; x_wconf 89' lang='lat' dir='ltr'><strong>diducere</strong></span> <span class='ocrx_word' id='word_1_144' title='bbox 669 1722 809 1790; x_wconf 89' lang='lat' dir='ltr'><strong>rictum</strong></span> <span class='ocrx_word' id='word_1_145' title='bbox 841 1724 1041 1790; x_wconf 86' lang='lat' dir='ltr'><strong>auditoris.</strong></span> 
     </span>
     <span class='ocr_line' id='line_1_19' title="bbox 4 1807 1042 1899; baseline 0.005 -25"><span class='ocrx_word' id='word_1_146' title='bbox 4 1807 6 1898; x_wconf 67' lang='grc' dir='ltr'><em>ζ</em></span> <span class='ocrx_word' id='word_1_147' title='bbox 38 1812 187 1878; x_wconf 79' lang='lat' dir='ltr'><strong>nonsatis</strong></span> <span class='ocrx_word' id='word_1_148' title='bbox 202 1815 261 1897; x_wconf 86' lang='lat' dir='ltr'><strong>est,</strong></span> <span class='ocrx_word' id='word_1_149' title='bbox 282 1812 398 1897; x_wconf 88' lang='lat' dir='ltr'><strong>inquit,</strong></span> <span class='ocrx_word' id='word_1_150' title='bbox 420 1815 551 1880; x_wconf 85' lang='lat' dir='ltr'><strong>tantum</strong></span> <span class='ocrx_word' id='word_1_151' title='bbox 573 1811 669 1878; x_wconf 92' lang='lat' dir='ltr'><strong>modo</strong></span> <span class='ocrx_word' id='word_1_152' title='bbox 687 1811 786 1898; x_wconf 84' lang='lat' dir='ltr'><strong>loqui,</strong></span> <span class='ocrx_word' id='word_1_153' title='bbox 808 1816 845 1878; x_wconf 88' lang='lat' dir='ltr'><strong>ut</strong></span> <span class='ocrx_word' id='word_1_154' title='bbox 860 1813 917 1899; x_wconf 91' lang='lat' dir='ltr'><strong>qui</strong></span> <span class='ocrx_word' id='word_1_155' title='bbox 930 1814 1042 1879; x_wconf 87' lang='lat' dir='ltr'><strong>audiat</strong></span> 
     </span>
     <span class='ocr_line' id='line_1_20' title="bbox 4 1899 1041 1986; baseline 0.003 -23"><span class='ocrx_word' id='word_1_156' title='bbox 4 1903 5 1914; x_wconf 60' lang='lat'>¹</span> <span class='ocrx_word' id='word_1_157' title='bbox 37 1899 137 1985; x_wconf 86' lang='lat' dir='ltr'><strong>rideat,</strong></span> <span class='ocrx_word' id='word_1_158' title='bbox 170 1901 319 1986; x_wconf 88' lang='lat' dir='ltr'><strong>quamuis</strong></span> <span class='ocrx_word' id='word_1_159' title='bbox 345 1923 416 1968; x_wconf 88' lang='lat' dir='ltr'><strong>non</strong></span> <span class='ocrx_word' id='word_1_160' title='bbox 442 1901 630 1986; x_wconf 83' lang='lat' dir='ltr'><strong>negauerim</strong></span> <span class='ocrx_word' id='word_1_161' title='bbox 657 1921 727 1968; x_wconf 88' lang='lat' dir='ltr'><strong>esse</strong></span> <span class='ocrx_word' id='word_1_162' title='bbox 759 1905 793 1967; x_wconf 89' lang='lat' dir='ltr'><strong>et</strong></span> <span class='ocrx_word' id='word_1_163' title='bbox 819 1901 855 1968; x_wconf 94' lang='lat' dir='ltr'><strong>in</strong></span> <span class='ocrx_word' id='word_1_164' title='bbox 881 1902 944 1968; x_wconf 91' lang='lat' dir='ltr'><strong>hoc</strong></span> <span class='ocrx_word' id='word_1_165' title='bbox 973 1923 1041 1967; x_wconf 90' lang='lat' dir='ltr'><strong>non</strong></span> 
     </span>
    </p>
   </div>
   <div class='ocr_carea' id='block_1_3' title="bbox 4 1990 1092 2150">
    <p class='ocr_par' dir='ltr' id='par_1_3' title="bbox 4 1990 1092 2150">
     <span class='ocr_line' id='line_1_21' title="bbox 4 1990 1081 2088; baseline 0.005 -36"><span class='ocrx_word' id='word_1_166' title='bbox 4 2057 6 2088; x_wconf 58' lang='grc' dir='ltr'>Ι</span> <span class='ocrx_word' id='word_1_167' title='bbox 37 1990 144 2055; x_wconf 79' lang='lat' dir='ltr'><strong>ucham</strong></span> <span class='ocrx_word' id='word_1_168' title='bbox 161 1990 325 2056; x_wconf 85' lang='lat' dir='ltr'><strong>uirtutem.</strong></span> <span class='ocrx_word' id='word_1_169' title='bbox 379 1991 400 2054; x_wconf 88' lang='grc'>9</span> <span class='ocrx_word' id='word_1_170' title='bbox 424 1993 485 2055; x_wconf 91' lang='lat' dir='ltr'><strong>est</strong></span> <span class='ocrx_word' id='word_1_171' title='bbox 506 1990 703 2056; x_wconf 84' lang='lat' dir='ltr'><strong>breuitate</strong></span> <span class='ocrx_word' id='word_1_172' title='bbox 726 2011 821 2075; x_wconf 91' lang='lat' dir='ltr'><strong>opus</strong></span> <span class='ocrx_word' id='word_1_173' title='bbox 844 1993 887 2056; x_wconf 90' lang='lat' dir='ltr'><strong>ut</strong></span> <span class='ocrx_word' id='word_1_174' title='bbox 909 1994 1081 2059; x_wconf 79' lang='lat' dir='ltr'><strong>curratso</strong></span> 
     </span>
     <span class='ocr_line' id='line_1_22' title="bbox 37 2077 1092 2150; baseline 0.008 -8"><span class='ocrx_word' id='word_1_175' title='bbox 37 2079 224 2144; x_wconf 87' lang='lat' dir='ltr'><strong>sententia</strong></span> <span class='ocrx_word' id='word_1_176' title='bbox 245 2101 319 2144; x_wconf 90' lang='lat' dir='ltr'><strong>neu</strong></span> <span class='ocrx_word' id='word_1_177' title='bbox 341 2101 389 2144; x_wconf 87' lang='lat' dir='ltr'><strong>se.</strong></span> <span class='ocrx_word' id='word_1_178' title='bbox 434 2077 593 2144; x_wconf 87' lang='lat' dir='ltr'><strong>breuitate</strong></span> <span class='ocrx_word' id='word_1_179' title='bbox 616 2079 773 2144; x_wconf 81' lang='lat' dir='ltr'><strong>orationis</strong></span> <span class='ocrx_word' id='word_1_180' title='bbox 796 2079 953 2146; x_wconf 87' lang='lat' dir='ltr'><strong>utendum</strong></span> <span class='ocrx_word' id='word_1_181' title='bbox 970 2101 1041 2145; x_wconf 87' lang='lat' dir='ltr'><strong>esse</strong></span> <span class='ocrx_word' id='word_1_182' title='bbox 1090 2139 1092 2150; x_wconf 92' lang='lat'><strong>.</strong></span> 
     </span>
    </p>
   </div>
   <div class='ocr_carea' id='block_1_4' title="bbox 37 2167 1164 3055">
    <p class='ocr_par' dir='ltr' id='par_1_4' title="bbox 37 2167 1164 3055">
     <span class='ocr_line' id='line_1_23' title="bbox 37 2167 1042 2254; baseline 0.005 -25"><span class='ocrx_word' id='word_1_183' title='bbox 37 2167 80 2252; x_wconf 85' lang='lat' dir='ltr'><strong>ait,</strong></span> <span class='ocrx_word' id='word_1_184' title='bbox 99 2171 137 2234; x_wconf 89' lang='lat' dir='ltr'><strong>ut</strong></span> <span class='ocrx_word' id='word_1_185' title='bbox 163 2168 229 2234; x_wconf 88' lang='lat' dir='ltr'><strong>cito</strong></span> <span class='ocrx_word' id='word_1_186' title='bbox 256 2167 420 2234; x_wconf 85' lang='lat' dir='ltr'><strong>sententia</strong></span> <span class='ocrx_word' id='word_1_187' title='bbox 446 2167 592 2252; x_wconf 71' lang='lat' dir='ltr'><strong>finmtrm,</strong></span> <span class='ocrx_word' id='word_1_188' title='bbox 617 2189 659 2232; x_wconf 91' lang='lat' dir='ltr'><strong>ne</strong></span> <span class='ocrx_word' id='word_1_189' title='bbox 687 2167 883 2254; x_wconf 83' lang='lat' dir='ltr'><strong>defatigetur</strong></span> <span class='ocrx_word' id='word_1_190' title='bbox 906 2167 1042 2234; x_wconf 89' lang='lat' dir='ltr'><strong>auditor.</strong></span> 
     </span>
     <span class='ocr_line' id='line_1_24' title="bbox 38 2256 1043 2342; baseline 0.005 -24"><span class='ocrx_word' id='word_1_191' title='bbox 38 2256 230 2342; x_wconf 84' lang='lat' dir='ltr'><strong>eloquentiae</strong></span> <span class='ocrx_word' id='word_1_192' title='bbox 244 2257 331 2322; x_wconf 89' lang='lat' dir='ltr'><strong>enirn</strong></span> <span class='ocrx_word' id='word_1_193' title='bbox 345 2258 450 2322; x_wconf 87' lang='lat' dir='ltr'><strong>uirtus</strong></span> <span class='ocrx_word' id='word_1_194' title='bbox 463 2279 533 2322; x_wconf 93' lang='lat' dir='ltr'><strong>non</strong></span> <span class='ocrx_word' id='word_1_195' title='bbox 551 2259 681 2322; x_wconf 88' lang='lat' dir='ltr'><strong>tantum</strong></span> <span class='ocrx_word' id='word_1_196' title='bbox 698 2257 734 2323; x_wconf 92' lang='lat' dir='ltr'><strong>in</strong></span> <span class='ocrx_word' id='word_1_197' title='bbox 747 2279 785 2324; x_wconf 92' lang='lat' dir='ltr'><strong>eo</strong></span> <span class='ocrx_word' id='word_1_198' title='bbox 809 2261 867 2342; x_wconf 87' lang='lat' dir='ltr'><strong>cst,</strong></span> <span class='ocrx_word' id='word_1_199' title='bbox 889 2261 927 2323; x_wconf 89' lang='lat' dir='ltr'><strong>ut</strong></span> <span class='ocrx_word' id='word_1_200' title='bbox 938 2279 1043 2342; x_wconf 87' lang='lat' dir='ltr'><strong>pauca</strong></span> 
     </span>
     <span class='ocr_line' id='line_1_25' title="bbox 37 2345 1042 2430; baseline 0.004 -23"><span class='ocrx_word' id='word_1_201' title='bbox 37 2346 164 2430; x_wconf 78' lang='lat' dir='ltr'><strong>copiose,</strong></span> <span class='ocrx_word' id='word_1_202' title='bbox 188 2345 244 2410; x_wconf 89' lang='lat' dir='ltr'><strong>sed</strong></span> <span class='ocrx_word' id='word_1_203' title='bbox 267 2347 365 2411; x_wconf 88' lang='lat' dir='ltr'><strong>etiam</strong></span> <span class='ocrx_word' id='word_1_204' title='bbox 387 2349 426 2411; x_wconf 88' lang='lat' dir='ltr'><strong>ut</strong></span> <span class='ocrx_word' id='word_1_205' title='bbox 447 2346 591 2411; x_wconf 88' lang='lat' dir='ltr'><strong>breuiter</strong></span> <span class='ocrx_word' id='word_1_206' title='bbox 612 2346 716 2412; x_wconf 86' lang='lat' dir='ltr'><strong>multa</strong></span> <span class='ocrx_word' id='word_1_207' title='bbox 736 2345 893 2412; x_wconf 89' lang='lat' dir='ltr'><strong>dicantur.</strong></span> <span class='ocrx_word' id='word_1_208' title='bbox 939 2347 985 2413; x_wconf 86' lang='lat' dir='ltr'><strong>sic</strong></span> <span class='ocrx_word' id='word_1_209' title='bbox 1008 2352 1042 2412; x_wconf 88' lang='lat' dir='ltr'><strong>et</strong></span> 
     </span>
     <span class='ocr_line' id='line_1_26' title="bbox 38 2432 1081 2520; baseline 0.007 -23"><span class='ocrx_word' id='word_1_210' title='bbox 38 2432 156 2501; x_wconf 89' lang='lat' dir='ltr'><strong>llarcus</strong></span> <span class='ocrx_word' id='word_1_211' title='bbox 184 2432 267 2500; x_wconf 79' lang='lat' dir='ltr'><strong>(lato</strong></span> <span class='ocrx_word' id='word_1_212' title='bbox 294 2437 315 2515; x_wconf 89' lang='lat'><strong>†</strong></span> <span class='ocrx_word' id='word_1_213' title='bbox 343 2432 515 2500; x_wconf 82' lang='lat' dir='ltr'><strong>Sallustius</strong></span> <span class='ocrx_word' id='word_1_214' title='bbox 543 2433 694 2499; x_wconf 87' lang='lat' dir='ltr'><strong>laudatur</strong></span> <span class='ocrx_word' id='word_1_215' title='bbox 720 2435 831 2520; x_wconf 89' lang='lat' dir='ltr'><strong>paucis</strong></span> <span class='ocrx_word' id='word_1_216' title='bbox 855 2436 1041 2502; x_wconf 88' lang='lat' dir='ltr'><strong>absoluisse.</strong></span> <span class='ocrx_word' id='word_1_217' title='bbox 1056 2462 1081 2504; x_wconf 80' lang='lat' dir='ltr'><strong>ss</strong></span> 
     </span>
     <span class='ocr_line' id='line_1_27' title="bbox 114 2523 1043 2609; baseline 0 -19"><span class='ocrx_word' id='word_1_218' title='bbox 114 2525 159 2591; x_wconf 83' lang='lat'><strong>13</strong></span> <span class='ocrx_word' id='word_1_219' title='bbox 181 2524 378 2593; x_wconf 87' lang='lat' dir='ltr'><strong>interdum</strong></span> <span class='ocrx_word' id='word_1_220' title='bbox 400 2523 541 2590; x_wconf 88' lang='lat' dir='ltr'><strong>urbani</strong></span> <span class='ocrx_word' id='word_1_221' title='bbox 569 2525 769 2608; x_wconf 88' lang='lat' dir='ltr'><strong>parcentis</strong></span> <span class='ocrx_word' id='word_1_222' title='bbox 797 2525 963 2590; x_wconf 85' lang='lat' dir='ltr'><strong>uiribus:</strong></span> <span class='ocrx_word' id='word_1_223' title='bbox 986 2525 1043 2609; x_wconf 92' lang='lat' dir='ltr'><strong>qui</strong></span> 
     </span>
     <span class='ocr_line' id='line_1_28' title="bbox 39 2612 1043 2698; baseline 0.001 -21"><span class='ocrx_word' id='word_1_224' title='bbox 39 2613 147 2698; x_wconf 86' lang='lat' dir='ltr'><strong>alioqui</strong></span> <span class='ocrx_word' id='word_1_225' title='bbox 175 2613 281 2698; x_wconf 88' lang='lat' dir='ltr'><strong>parcit</strong></span> <span class='ocrx_word' id='word_1_226' title='bbox 307 2613 431 2682; x_wconf 84' lang='lat' dir='ltr'><strong>uiribus</strong></span> <span class='ocrx_word' id='word_1_227' title='bbox 454 2612 488 2677; x_wconf 92' lang='lat' dir='ltr'><strong>id</strong></span> <span class='ocrx_word' id='word_1_228' title='bbox 511 2615 561 2678; x_wconf 88' lang='lat' dir='ltr'><strong>est</strong></span> <span class='ocrx_word' id='word_1_229' title='bbox 582 2612 730 2678; x_wconf 89' lang='lat' dir='ltr'><strong>laborare</strong></span> <span class='ocrx_word' id='word_1_230' title='bbox 752 2635 821 2679; x_wconf 93' lang='lat' dir='ltr'><strong>non</strong></span> <span class='ocrx_word' id='word_1_231' title='bbox 843 2613 1043 2697; x_wconf 80' lang='lat' dir='ltr'><strong>multetque,</strong></span> 
     </span>
     <span class='ocr_line' id='line_1_29' title="bbox 39 2700 1043 2788; baseline 0.004 -25"><span class='ocrx_word' id='word_1_232' title='bbox 39 2702 123 2767; x_wconf 84' lang='lat' dir='ltr'><strong>etiarn</strong></span> <span class='ocrx_word' id='word_1_233' title='bbox 147 2701 273 2787; x_wconf 91' lang='lat' dir='ltr'><strong>siquid</strong></span> <span class='ocrx_word' id='word_1_234' title='bbox 290 2702 417 2768; x_wconf 90' lang='lat' dir='ltr'><strong>roboris</strong></span> <span class='ocrx_word' id='word_1_235' title='bbox 437 2701 620 2786; x_wconf 88' lang='lat' dir='ltr'><strong>incorpore</strong></span> <span class='ocrx_word' id='word_1_236' title='bbox 634 2701 742 2788; x_wconf 84' lang='lat' dir='ltr'><strong>hebet,</strong></span> <span class='ocrx_word' id='word_1_237' title='bbox 763 2701 835 2769; x_wconf 92' lang='lat' dir='ltr'><strong>uult</strong></span> <span class='ocrx_word' id='word_1_238' title='bbox 849 2700 926 2766; x_wconf 89' lang='lat' dir='ltr'><strong>data</strong></span> <span class='ocrx_word' id='word_1_239' title='bbox 944 2723 1043 2786; x_wconf 88' lang='lat' dir='ltr'><strong>opera</strong></span> 
     </span>
     <span class='ocr_line' id='line_1_30' title="bbox 39 2789 1044 2856; baseline 0.003 -3"><span class='ocrx_word' id='word_1_240' title='bbox 39 2789 183 2856; x_wconf 86' lang='lat' dir='ltr'><strong>delicatus</strong></span> <span class='ocrx_word' id='word_1_241' title='bbox 210 2791 323 2856; x_wconf 90' lang='lat' dir='ltr'><strong>uideri.</strong></span> <span class='ocrx_word' id='word_1_242' title='bbox 415 2791 457 2856; x_wconf 89' lang='lat'><strong>14</strong></span> <span class='ocrx_word' id='word_1_243' title='bbox 488 2790 694 2856; x_wconf 87' lang='lat' dir='ltr'><strong>ridiculum</strong></span> <span class='ocrx_word' id='word_1_244' title='bbox 721 2790 803 2856; x_wconf 90' lang='lat' dir='ltr'><strong>acri</strong></span> <span class='ocrx_word' id='word_1_245' title='bbox 828 2790 973 2856; x_wconf 81' lang='lat' dir='ltr'><strong>fortius</strong></span> <span class='ocrx_word' id='word_1_246' title='bbox 1005 2795 1044 2856; x_wconf 91' lang='lat' dir='ltr'><strong>et</strong></span> 
     </span>
     <span class='ocr_line' id='line_1_31' title="bbox 40 2879 1083 2966; baseline 0.005 -23"><span class='ocrx_word' id='word_1_247' title='bbox 40 2880 164 2945; x_wconf 90' lang='lat' dir='ltr'><strong>melius</strong></span> <span class='ocrx_word' id='word_1_248' title='bbox 192 2900 350 2965; x_wconf 81' lang='lat' dir='ltr'><strong>magnas</strong></span> <span class='ocrx_word' id='word_1_249' title='bbox 379 2880 605 2965; x_wconf 90' lang='lat' dir='ltr'><strong>plerumque</strong></span> <span class='ocrx_word' id='word_1_250' title='bbox 629 2883 734 2946; x_wconf 87' lang='lat' dir='ltr'><strong>secat</strong></span> <span class='ocrx_word' id='word_1_251' title='bbox 756 2900 826 2946; x_wconf 81' lang='lat' dir='ltr'><strong>res.</strong></span> <span class='ocrx_word' id='word_1_252' title='bbox 870 2879 1083 2966; x_wconf 85' lang='lat' dir='ltr'><strong>interdum,a0</strong></span> 
     </span>
     <span class='ocr_line' id='line_1_32' title="bbox 40 2967 1164 3055; baseline -0.001 -24"><span class='ocrx_word' id='word_1_253' title='bbox 40 2967 146 3054; x_wconf 88' lang='lat' dir='ltr'><strong>inquit,</strong></span> <span class='ocrx_word' id='word_1_254' title='bbox 173 2969 228 3034; x_wconf 89' lang='lat' dir='ltr'><strong>uel</strong></span> <span class='ocrx_word' id='word_1_255' title='bbox 250 2973 386 3035; x_wconf 87' lang='lat' dir='ltr'><strong>uenuste</strong></span> <span class='ocrx_word' id='word_1_256' title='bbox 409 2969 514 3055; x_wconf 81' lang='lat' dir='ltr'><strong>magis</strong></span> <span class='ocrx_word' id='word_1_257' title='bbox 537 2968 688 3036; x_wconf 87' lang='lat' dir='ltr'><strong>mordent</strong></span> <span class='ocrx_word' id='word_1_258' title='bbox 710 2969 810 3055; x_wconf 85' lang='lat' dir='ltr'><strong>diota,</strong></span> <span class='ocrx_word' id='word_1_259' title='bbox 840 2992 1044 3055; x_wconf 90' lang='lat' dir='ltr'><strong>quamquae</strong></span> <span class='ocrx_word' id='word_1_260' title='bbox 1162 3027 1164 3030; x_wconf 84' lang='lat'><strong>.</strong></span> 
     </span>
    </p>
   </div>
   <div class='ocr_carea' id='block_1_5' title="bbox 41 3145 1045 3717">
    <p class='ocr_par' dir='ltr' id='par_1_5' title="bbox 42 3145 1043 3274">
     <span class='ocr_line' id='line_1_33' title="bbox 42 3145 1043 3274; baseline 0.008 -8"><span class='ocrx_word' id='word_1_261' title='bbox 42 3145 285 3272; x_wconf 55' lang='lat' dir='ltr'><strong>istaist&#39;iff</strong></span> <span class='ocrx_word' id='word_1_262' title='bbox 321 3221 337 3270; x_wconf 79' lang='lat' dir='ltr'><strong>s</strong></span> <span class='ocrx_word' id='word_1_263' title='bbox 355 3145 962 3272; x_wconf 41' lang='lat' dir='ltr'><strong>iuffitiiiiriiiilmsiiramiaiimir</strong></span> <span class='ocrx_word' id='word_1_264' title='bbox 972 3146 1043 3274; x_wconf 76' lang='lat' dir='ltr'><strong>Mo</strong></span> 
     </span>
    </p>

    <p class='ocr_par' dir='ltr' id='par_1_6' title="bbox 41 3287 1044 3358">
     <span class='ocr_line' id='line_1_34' title="bbox 41 3287 1044 3358; baseline 0.002 -15"><span class='ocrx_word' id='word_1_265' title='bbox 41 3288 178 3352; x_wconf 75' lang='lat' dir='ltr'><strong>pmmlrter</strong></span> <span class='ocrx_word' id='word_1_266' title='bbox 193 3287 232 3342; x_wconf 99' lang='lat' dir='ltr'><strong><em>M</em></strong></span> <span class='ocrx_word' id='word_1_267' title='bbox 295 3293 329 3344; x_wconf 89' lang='lat'><strong>10</strong></span> <span class='ocrx_word' id='word_1_268' title='bbox 341 3287 424 3343; x_wconf 78' lang='lat' dir='ltr'><strong>habit</strong></span> <span class='ocrx_word' id='word_1_269' title='bbox 438 3287 477 3342; x_wconf 91' lang='lat' dir='ltr'><strong><em>M</em></strong></span> <span class='ocrx_word' id='word_1_270' title='bbox 538 3288 620 3358; x_wconf 88' lang='lat' dir='ltr'><strong>quasi</strong></span> <span class='ocrx_word' id='word_1_271' title='bbox 637 3288 672 3344; x_wconf 90' lang='lat' dir='ltr'><strong>de</strong></span> <span class='ocrx_word' id='word_1_272' title='bbox 689 3303 757 3344; x_wconf 89' lang='lat' dir='ltr'><strong>uero</strong></span> <span class='ocrx_word' id='word_1_273' title='bbox 774 3304 838 3344; x_wconf 77' lang='lat' dir='ltr'><strong>eor.-</strong></span> <span class='ocrx_word' id='word_1_274' title='bbox 856 3287 1044 3358; x_wconf 81' lang='lat' dir='ltr'><strong>qualrdeueno</strong></span> 
     </span>
    </p>

    <p class='ocr_par' dir='ltr' id='par_1_7' title="bbox 43 3357 1045 3431">
     <span class='ocr_line' id='line_1_35' title="bbox 43 3357 1045 3431; baseline 0.006 -21"><span class='ocrx_word' id='word_1_275' title='bbox 43 3357 73 3410; x_wconf 90' lang='lat' dir='ltr'><strong><em>M</em></strong></span> <span class='ocrx_word' id='word_1_276' title='bbox 155 3365 191 3415; x_wconf 74' lang='lat'><strong>12</strong></span> <span class='ocrx_word' id='word_1_277' title='bbox 213 3359 380 3415; x_wconf 78' lang='lat' dir='ltr'><strong>lucilianum</strong></span> <span class='ocrx_word' id='word_1_278' title='bbox 398 3360 437 3414; x_wconf 90' lang='lat' dir='ltr'><strong><em>M</em></strong></span> <span class='ocrx_word' id='word_1_279' title='bbox 526 3365 559 3416; x_wconf 79' lang='lat'><strong>13</strong></span> <span class='ocrx_word' id='word_1_280' title='bbox 578 3359 681 3416; x_wconf 87' lang='lat' dir='ltr'><strong>Laberi</strong></span> <span class='ocrx_word' id='word_1_281' title='bbox 698 3359 798 3416; x_wconf 86' lang='lat' dir='ltr'><strong>mimos</strong></span> <span class='ocrx_word' id='word_1_282' title='bbox 822 3359 934 3428; x_wconf 80' lang='lat' dir='ltr'><strong>addidi,</strong></span> <span class='ocrx_word' id='word_1_283' title='bbox 957 3364 1045 3431; x_wconf 78' lang='lat' dir='ltr'><strong>negat</strong></span> 
     </span>
    </p>

    <p class='ocr_par' dir='ltr' id='par_1_8' title="bbox 42 3426 1045 3502">
     <span class='ocr_line' id='line_1_36' title="bbox 42 3426 1045 3502; baseline 0.007 -20"><span class='ocrx_word' id='word_1_284' title='bbox 42 3426 132 3485; x_wconf 80' lang='lat' dir='ltr'><strong>Lucilii</strong></span> <span class='ocrx_word' id='word_1_285' title='bbox 148 3447 283 3500; x_wconf 55' lang='lat' dir='ltr'><strong>uersum</strong></span> <span class='ocrx_word' id='word_1_286' title='bbox 345 3437 380 3486; x_wconf 80' lang='lat'><strong>15</strong></span> <span class='ocrx_word' id='word_1_287' title='bbox 397 3429 594 3486; x_wconf 82' lang='lat' dir='ltr'><strong>habundantes</strong></span> <span class='ocrx_word' id='word_1_288' title='bbox 613 3431 653 3486; x_wconf 93' lang='lat' dir='ltr'><strong><em>M</em></strong></span> <span class='ocrx_word' id='word_1_289' title='bbox 715 3437 748 3486; x_wconf 81' lang='grc'><strong>16</strong></span> <span class='ocrx_word' id='word_1_290' title='bbox 767 3433 1045 3502; x_wconf 84' lang='lat' dir='ltr'><strong>conceptromombus</strong></span> 
     </span>
    </p>

    <p class='ocr_par' dir='ltr' id='par_1_9' title="bbox 44 3498 1043 3572">
     <span class='ocr_line' id='line_1_37' title="bbox 44 3498 1043 3572; baseline 0.007 -20"><span class='ocrx_word' id='word_1_291' title='bbox 44 3498 74 3552; x_wconf 90' lang='lat' dir='ltr'><strong><em>M</em></strong></span> <span class='ocrx_word' id='word_1_292' title='bbox 154 3508 186 3558; x_wconf 80' lang='lat'><strong>1&#39;1</strong></span> <span class='ocrx_word' id='word_1_293' title='bbox 205 3502 348 3558; x_wconf 71' lang='lat' dir='ltr'><strong>auditores</strong></span> <span class='ocrx_word' id='word_1_294' title='bbox 367 3502 406 3558; x_wconf 89' lang='lat' dir='ltr'><strong><em>M</em></strong></span> <span class='ocrx_word' id='word_1_295' title='bbox 490 3509 523 3558; x_wconf 88' lang='lat'><strong>18</strong></span> <span class='ocrx_word' id='word_1_296' title='bbox 542 3518 600 3572; x_wconf 82' lang='lat' dir='ltr'><strong>qua</strong></span> <span class='ocrx_word' id='word_1_297' title='bbox 618 3503 658 3556; x_wconf 92' lang='lat' dir='ltr'><strong><em>M</em></strong></span> <span class='ocrx_word' id='word_1_298' title='bbox 745 3508 780 3557; x_wconf 77' lang='lat'><strong>25</strong></span> <span class='ocrx_word' id='word_1_299' title='bbox 797 3519 816 3556; x_wconf 90' lang='lat' dir='ltr'><strong>a</strong></span> <span class='ocrx_word' id='word_1_300' title='bbox 834 3501 967 3558; x_wconf 85' lang='lat' dir='ltr'><strong>Sallustio</strong></span> <span class='ocrx_word' id='word_1_301' title='bbox 985 3505 1043 3562; x_wconf 82' lang='lat' dir='ltr'><strong>eod.</strong></span> 
     </span>
    </p>

    <p class='ocr_par' dir='ltr' id='par_1_10' title="bbox 45 3569 1044 3717">
     <span class='ocr_line' id='line_1_38' title="bbox 45 3569 1044 3645; baseline 0 -17"><span class='ocrx_word' id='word_1_302' title='bbox 45 3569 175 3645; x_wconf 67' lang='lat' dir='ltr'><strong>Bamoaq.</strong></span> <span class='ocrx_word' id='word_1_303' title='bbox 195 3575 230 3642; x_wconf 79' lang='lat' dir='ltr'><strong>cf.</strong></span> <span class='ocrx_word' id='word_1_304' title='bbox 248 3574 334 3630; x_wconf 72' lang='lat' dir='ltr'><strong>Kritz</strong></span> <span class='ocrx_word' id='word_1_305' title='bbox 351 3574 426 3644; x_wconf 71' lang='lat' dir='ltr'><strong>frop.</strong></span> <span class='ocrx_word' id='word_1_306' title='bbox 445 3573 514 3629; x_wconf 80' lang='lat' dir='ltr'><strong>Sall.</strong></span> <span class='ocrx_word' id='word_1_307' title='bbox 534 3573 563 3640; x_wconf 88' lang='lat' dir='ltr'><strong>I,</strong></span> <span class='ocrx_word' id='word_1_308' title='bbox 581 3578 610 3630; x_wconf 76' lang='lat'><strong>2.</strong></span> <span class='ocrx_word' id='word_1_309' title='bbox 626 3594 633 3628; x_wconf 74' lang='grc' dir='ltr'><strong><em>ε</em></strong></span> <span class='ocrx_word' id='word_1_310' title='bbox 648 3574 677 3630; x_wconf 82' lang='lat' dir='ltr'><strong>et</strong></span> <span class='ocrx_word' id='word_1_311' title='bbox 691 3571 841 3629; x_wconf 83' lang='lat' dir='ltr'><strong>Sallustius</strong></span> <span class='ocrx_word' id='word_1_312' title='bbox 859 3573 1044 3642; x_wconf 67' lang='lat' dir='ltr'><strong>laudemburg</strong></span> 
     </span>
     <span class='ocr_line' id='line_1_39' title="bbox 103 3643 631 3717; baseline -0.006 -16"><span class='ocrx_word' id='word_1_313' title='bbox 103 3643 233 3715; x_wconf 78' lang='lat' dir='ltr'><strong>(multa)</strong></span> <span class='ocrx_word' id='word_1_314' title='bbox 250 3646 384 3717; x_wconf 66' lang='lat' dir='ltr'><strong>paucisg</strong></span> <span class='ocrx_word' id='word_1_315' title='bbox 456 3651 490 3700; x_wconf 80' lang='lat'><strong>28</strong></span> <span class='ocrx_word' id='word_1_316' title='bbox 509 3661 572 3714; x_wconf 85' lang='lat' dir='ltr'><strong>qma</strong></span> <span class='ocrx_word' id='word_1_317' title='bbox 592 3645 631 3698; x_wconf 89' lang='lat' dir='ltr'><strong><em>M</em></strong></span> 
     </span>
    </p>
   </div>
   <div class='ocr_carea' id='block_1_6' title="bbox 0 0 1204 3934">
    <p class='ocr_par' dir='ltr' id='par_1_11' title="bbox 0 0 1204 3934">
     <span class='ocr_line' id='line_1_40' title="bbox 0 0 1204 3934; baseline 0 0"><span class='ocrx_word' id='word_1_318' title='bbox 0 0 1204 3934; x_wconf 95' lang='lat' dir='ltr'><strong> </strong></span> 
     </span>
    </p>
   </div>
  </div>
 </body>
</html>
