2416 3934
154 137 198 202 28
574 133 646 189 oon
664 135 686 201 1,
705 139 747 188 m.

156 300 319 386 grauida
341 299 524 384 pharetra
546 320 606 383 pro
631 295 723 382 graui
746 316 784 359 ac
802 316 861 380 per
877 293 940 360 hoc
958 293 1058 378 plena
1076 314 1183 378 μετα-

155 389 311 474 φορικῶς.
402 388 423 452 8
446 386 583 452 lambit
604 383 816 470 Hydaspes.
869 381 1039 468 Hydaspes
1065 381 1182 446 amnis

154 477 268 543 Indiae
291 481 349 542 est
390 476 594 541 fabulosus
619 475 723 540 dictus
747 476 864 557 autem,
888 471 965 556 quia
981 469 1079 535 India
1104 470 1182 553 plu-

155 568 238 632 rima
251 587 372 652 genera
385 565 614 629 miraculorum
633 568 666 630 et
684 563 784 649 digna
801 561 920 626 fabulis
938 561 1031 627 ferat.
1077 560 1183 624 larn-

129 656 215 720 ⁵bit
236 659 346 720 autem
367 653 559 718 translatiue
583 653 704 718 dictum
727 655 777 716 est
800 673 820 716 a
841 650 970 736 lingua,
997 671 1056 734 per
1084 649 1182 732 quod

157 745 321 830 significat
337 741 515 828 Hydaspen
532 741 667 806 fluuium
685 742 792 805 lenem
810 761 880 804 esse
899 742 932 802 et
947 739 1065 818 leniter
1083 737 1183 820 ripas

158 855 232 898 suas
259 837 402 918 tangere.
472 831 514 896 10
542 833 656 895 canto
683 828 855 914 Lalagen
881 826 916 891 id
944 829 1008 892 est:
1040 847 1184 890 carmen

156 923 193 987 in
215 921 361 1006 Lalagen
383 919 515 986 nomine
538 919 677 984 amicam
699 918 922 1003 compositum.
964 915 1010 980 sic
1032 918 1067 980 et
1088 915 1182 979 liber

156 1009 300 1075 Lucilii
322 1008 410 1076 XVI.
438 1006 570 1092 Collyra
597 1006 784 1072 inscribitur
810 1029 848 1072 eo
872 1005 959 1090 quod
982 1005 1021 1070 de
1039 1001 1182 1088 Collyra

118 1121 144 1160 ¹⁰
158 1099 261 1253 iiia
293 1099 443 1252 “itti
465 1096 826 1250 'liudewiti
849 1093 1184 1268 lltffttglssqt

158 1281 221 1342 eat:
245 1278 331 1342 ultra
351 1277 527 1342 terminum
549 1275 642 1340 fundi
664 1275 728 1339 mei
750 1273 889 1358 procedo
911 1273 1059 1337 lucorum
1080 1272 1182 1336 uoln·
1206 1303 1207 1346 t

158 1369 248 1450 ptate
284 1365 433 1430 inlectus.
483 1364 587 1430 curis
623 1367 732 1428 autem
770 1361 963 1447 expeditis
994 1382 1054 1444 pro
1087 1357 1207 1444 ‘ipset

160 1456 244 1519 curis
264 1454 431 1538 expeditus
449 1453 482 1517 id
501 1457 551 1518 est
569 1451 720 1517 securus'.
786 1452 827 1516 13
846 1471 969 1534 neque
987 1449 1183 1514 militaris
1206 1479 1207 1526 p

120 1564 145 1602 15
159 1541 340 1606 Dauniae.
381 1541 511 1606 Daunia
529 1541 650 1625 Apulia
672 1540 758 1606 dicta
781 1562 801 1605 a
819 1539 937 1604 Dauno
960 1558 1037 1622 rege
1060 1559 1182 1603 socero
1206 1577 1207 1620 p

158 1629 339 1714 Diomedis,
369 1653 467 1715 quam
494 1630 669 1695 militarem
698 1630 791 1713 dixit,
821 1629 898 1712 quia
919 1627 1055 1692 militiae
1077 1631 1183 1710 aptos
1206 1633 1207 1710 t

159 1719 247 1784 uiros
270 1718 377 1783 habet.
448 1719 490 1783 14
519 1719 613 1784 latis
643 1719 718 1784 alit
747 1717 966 1785 aesculetis.
1012 1717 1184 1780 aesculeta

160 1807 202 1874 ab
225 1809 352 1872 aesculo
377 1808 490 1874 arbore
513 1809 561 1872 ita
583 1809 734 1872 dicuntur
755 1811 793 1872 ut
809 1806 922 1891 pineta
940 1827 960 1869 a
977 1805 1065 1890 pino.
1136 1807 1182 1870 15

159 1919 229 1963 nec
255 1897 373 1962 Iubae
399 1898 526 1962 tellus.
571 1895 776 1962 Mauretania
802 1895 1022 1980 intellegenda
1049 1916 1070 1958 a
1090 1893 1184 1960 Iuba
1206 1911 1207 1988 p

120 2008 146 2048 20
159 2009 294 2160 debirint,
314 1987 410 2159 1ibaep
417 2008 575 2141 coppenffip
602 2007 886 2141 diibgididndoqudlbi
897 2005 1028 2138 Pirgdila
1042 2005 1183 2137 cpplppp

161 2164 312 2227 aestiua
334 2168 539 2248 recreatur
556 2185 656 2228 aura.
726 2164 766 2228 19
791 2164 892 2249 quod
909 2163 1015 2227 latus
1033 2161 1183 2226 mundi.

160 2251 262 2316 latus
286 2273 345 2334 pro
370 2252 515 2336 qualibet
537 2252 649 2316 mundi
667 2256 760 2337 parte
778 2253 896 2338 posuit.
967 2249 1008 2314 19
1032 2250 1182 2315 malus-

161 2360 231 2423 que
253 2337 432 2424 Iuppiter
454 2343 575 2425 urget.
619 2339 733 2406 Iouem
754 2363 814 2426 pro
837 2341 1030 2424 tempestate
1052 2361 1182 2422 ponere

120 2449 147 2490 as
161 2427 324 2512 poeticum
355 2432 412 2492 est.
463 2429 508 2492 sic
538 2432 572 2494 et
600 2427 815 2516 Uergilius:
850 2429 962 2494 Modo
996 2427 1183 2513 Iuppiter

160 2516 281 2603 adsit,
318 2515 452 2582 Tertia
488 2518 553 2582 lux
585 2520 747 2585 classem
779 2517 954 2585 Cretaeis
987 2517 1104 2583 sistet
1137 2519 1183 2581 in

160 2607 248 2670 oris.
295 2627 373 2692 ergo
403 2607 527 2672 malus
555 2606 734 2692 Iuppiter
762 2630 822 2693 pro
853 2629 891 2673 eo
915 2607 1002 2692 quod
1025 2609 1076 2672 est
1098 2605 1181 2671 ‘ini-

160 2717 224 2781 qua
245 2693 444 2780 tempestas'.
512 2697 553 2760 21
573 2718 672 2782 pone
691 2697 759 2761 sub
778 2719 892 2761 curru
909 2695 1069 2760 nimium
1087 2717 1181 2779 pro-

160 2785 298 2868 pinqui
331 2785 426 2850 solis
458 2785 492 2849 id
520 2788 583 2850 est:
605 2785 641 2850 in
662 2784 784 2869 Africa,
807 2786 859 2850 cui
883 2785 932 2850 sol
955 2785 1078 2850 scilicet
1099 2807 1179 2868 pro·

119 2893 146 2932 ao
160 2873 233 2956 pior
256 2876 305 2937 est
328 2895 426 2957 quam
449 2873 563 2940 ceteris
586 2875 689 2939 terris.
753 2875 797 2939 22
821 2874 998 2939 domibus
1021 2878 1178 2959 negata,

160 2961 236 3044 quia
254 2960 387 3026 ultimae
409 2967 519 3046 partes
533 2961 664 3028 Africae
687 2961 917 3028 inhabitabiles
941 2966 1018 3028 sunt
1040 2965 1180 3046 propter

159 3049 279 3114 nimios
302 3050 434 3116 calores.
502 3051 547 3116 23
575 3051 685 3116 dulce
715 3051 907 3118 ridentem
933 3073 993 3135 pro
1023 3050 1179 3117 ‘dulciter

159 3135 344 3222 ridentem,
365 3161 486 3205 nomen
508 3161 568 3224 pro
593 3140 745 3206 aduerbio
765 3143 919 3227 positum.

232 3338 247 3386 9
266 3329 356 3384 Lucil.
375 3331 450 3399 XVI,
468 3330 481 3383 I
554 3337 588 3386 26
607 3333 676 3388 Aen.
695 3339 722 3400 3,
742 3342 793 3390 116

231 3497 247 3544 3
267 3491 321 3544 este
345 3490 392 3544 &sn
411 3489 450 3543 M
537 3496 553 3546 8
572 3490 613 3546 sic
633 3493 673 3547 et:
698 3491 797 3548 subc&
816 3493 855 3547 M
942 3499 958 3548 9
977 3493 1051 3548 XVI.
1076 3493 1183 3548 colhra

160 3562 200 3615 M
268 3567 305 3614 '10
322 3563 490 3630 inscriptum
508 3562 547 3615 sit
566 3562 604 3615 M
670 3563 973 3618 2tcrete1ss1st1tM
1038 3569 1074 3620 28
1094 3580 1183 3620 curro

161 3632 200 3686 M
270 3637 304 3687 29
321 3648 451 3702 proprior
470 3632 509 3685 M
579 3638 613 3687 32
632 3649 749 3688 mnucoa
768 3635 807 3688 Μ
875 3634 999 3690 ndenter
1016 3651 1068 3704 pro
1089 3636 1131 3690 M
