2378 3934
349 113 491 182 0DE111,
510 119 545 168 25
564 116 593 168 ec
612 121 655 170 ee.
953 114 1016 178 113

30 277 224 360 semetipse
247 241 390 341 musicus
414 275 492 340 deus
514 277 536 358 †
560 279 611 341 est
633 276 812 343 adhibetur.
890 279 911 344 3
935 279 1017 364 qui-

31 367 79 430 bus
103 365 220 430 antris
253 365 403 450 egregii
435 364 614 431 Caesaris
648 364 783 430 audiar
819 369 1019 431 aeternum

30 453 191 518 meditans
223 453 339 518 decus
373 453 500 518 stellis
523 454 705 518 inserere.
752 455 900 538 ‘quibus'
926 455 1020 540 graui

31 563 90 606 sono
121 542 405 626 pronuntiandum.
472 545 523 607 est
555 543 642 606 enim
684 542 890 608 subiunctiua
919 543 1019 627 parti-

30 631 81 694 cula
100 629 219 715 ‘quae'.
265 631 452 715 praeposito
472 632 557 695 enim
586 652 680 715 quos
704 652 797 717 agor
820 633 860 696 in
883 654 1046 716 specuss

30 719 168 783 subiunxit
180 720 321 805 quibus
345 719 468 784 antris
493 719 642 806 egregii
665 717 847 786 Caesaris
871 720 1019 804 audian

29 810 120 891 inquo
141 812 174 872 et
197 801 392 891 ἐπεξήγηάις
413 807 519 893 figura
541 807 734 888 adnotanda,
758 809 833 892 quia
856 808 1020 893 praedicto

31 895 149 979 ‘specus'
186 895 314 962 ‘antra'
343 897 492 981 subiecit,
523 896 586 962 hcc
617 900 679 979 est,
712 898 767 982 qui
790 918 904 981 specus
928 902 1022 964 antra

31 989 92 1049 unt
164 985 187 1050 5
224 989 424 1050 aeternum
460 984 653 1050 meditans
686 985 809 1050 decus.
855 1008 1022 1052 conseera-

32 1073 130 1138 lionem
156 1073 246 1139 dicit.
338 1075 356 1138 7
391 1075 514 1139 dicam
546 1074 701 1160 insigne
733 1095 869 1140 recens
902 1075 1063 1142 adhucro

30 1162 194 1228 indictum
217 1185 281 1228 ore
306 1163 392 1228 alio.
437 1185 495 1247 per
515 1161 596 1228 haec
619 1163 759 1246 primum
782 1185 816 1228 se
838 1163 939 1248 lyrica
952 1168 1024 1230 tan-

31 1271 85 1334 gere
105 1251 279 1336 signifieat.
345 1252 386 1316 10
408 1251 577 1316 Hebrum
599 1251 851 1336 prospieien.
895 1251 1024 1318 Hebrus

31 1343 63 1402 est
82 1338 235 1404 Thraciae
263 1340 396 1423 fluuius,
427 1339 586 1424 Rhodope
617 1362 711 1405 mons
739 1339 904 1406 Thraciae.
984 1342 1025 1406 12

30 1449 115 1509 quam
150 1429 248 1493 mihi
284 1429 406 1493 deuio.
465 1428 596 1493 deuium
639 1432 688 1494 est
730 1429 825 1494 auia
857 1433 1026 1514 remotum,

32 1537 56 1579 ae
71 1539 124 1600 per
144 1516 224 1602 hoe,
252 1519 289 1582 in
315 1517 405 1582 siluis
430 1540 468 1582 ae
491 1517 719 1582 solitudinibus
743 1521 903 1603 agentem.
948 1517 1067 1582 dixi-1⁵
1182 1563 1183 1567 ,

31 1627 80 1668 nus
101 1609 212 1670 autem
235 1607 316 1671 haec
340 1605 531 1692 allegoricos
554 1606 626 1691 dici,
651 1607 726 1691 quia
748 1628 806 1691 per
829 1629 867 1671 ea
880 1607 1027 1692 intellegi

33 1693 83 1756 uult
102 1717 135 1759 se
160 1695 355 1760 inusitatum
378 1695 535 1760 Romanis
559 1705 693 1759 carmen'
711 1698 861 1761 tractare.
944 1697 985 1760 14
1008 1717 1028 1760 o

30 1779 200 1848 Naiadum
253 1788 392 1868 potens
447 1781 764 1868 Baccharumque
813 1784 1028 1850 ualentiam

31 1893 194 1952 proceras
226 1872 403 1937 manibus
436 1876 587 1936 uertere
613 1872 798 1938 fraxinos.
842 1874 914 1936 uult
935 1873 1028 1937 intel-

5 1955 76 2044 legi
103 1963 215 2026 tantas
248 1961 334 2026 uires
367 1960 553 2026 cultricibus
586 1960 696 2026 Liberi
732 1961 834 2045 patris
871 1962 1069 2026 instinctum

31 2050 151 2114 numinis
177 2051 246 2114 eius
270 2072 349 2134 esse,
372 2052 408 2114 ut
430 2051 529 2114 etiam
552 2071 701 2134 proceras
726 2051 858 2115 arbores
876 2050 1029 2115 radicitus

31 2139 137 2219 possint
159 2142 297 2204 uertere.
368 2140 408 2204 18
440 2138 541 2203 nihil
573 2140 742 2227 mortale
764 2139 910 2223 loquar.
956 2139 1030 2204 sub-

32 2227 222 2292 audiendum:
248 2229 275 2292 si
297 2249 349 2292 me
371 2227 407 2292 in
429 2231 503 2292 tuos
528 2249 642 2311 specus
666 2249 703 2292 ac
727 2231 849 2292 secreta
861 2249 1031 2293 nemorum

33 2313 148 2380 luxeris.
213 2316 258 2381 20
277 2317 497 2402 cingentem
515 2316 635 2381 uiridi
653 2320 827 2401 tempora
840 2318 1031 2402 pampino.

32 2407 120 2468 utrum
142 2405 207 2469 sibi
229 2407 359 2470 tantum
383 2427 422 2469 ea
444 2405 641 2490 cingentem,
666 2427 709 2468 an
732 2427 949 2492 quoscumque
971 2428 1030 2474 nu·
1045 2430 1071 2472 ss

34 2492 102 2556 nine
123 2516 183 2559 suo
207 2495 358 2577 conplere
381 2493 556 2578 dignatur?

431 2686 504 2743 one
524 2691 549 2756 a,
569 2692 612 2741 26.

110 2793 200 2860 Uixi
222 2796 367 2878 puellis
391 2815 512 2880 nuper
534 2795 704 2860 idoneus.
743 2795 807 2860 hac
822 2789 893 2884 ᾠδῇ
906 2796 1035 2861 uidetur

38 2886 87 2944 iem
116 2883 304 2948 renuntiare
341 2885 538 2950 carminibus
575 2887 607 2948 et
638 2885 745 2968 lyram
782 2906 971 2950 consecrare
1004 2889 1036 2950 et

38 2991 126 3036 amare
148 2972 305 3038 desinere.
373 2974 394 3038 2
427 2976 464 3038 et
495 2973 664 3038 militaui
691 2994 768 3039 non
790 2975 875 3039 sine
899 2976 1077 3060 gloriam

5 3133 6 3136 Ἴ
39 3057 206 3144 allegoricos
231 3062 382 3127 militiam
404 3061 492 3127 nunc
520 3083 663 3128 amorem
690 3065 794 3129 uocat,
861 3063 1037 3129 3defun·

43 3191 237 3206 ’.ψ

101 3278 114 3325 1
132 3275 184 3328 est:
203 3279 281 3328 esse?
355 3278 371 3327 5
391 3291 454 3343 quis
471 3289 560 3342 angor
579 3275 617 3328 M
688 3278 704 3327 7
723 3275 921 3330 ΕΦΕΞὴΓΗίΙ(
941 3275 979 3328 M

5 3411 6 3414 Ἴ
43 3342 165 3406 praedicto
183 3361 248 3400 nos:
266 3344 428 3414 praedretns
448 3345 486 3399 M
525 3373 537 3386 ·
556 3350 572 3400 8
590 3346 666 3399 mtra
685 3345 724 3398 Μ
740 3346 782 3400 bis
854 3351 887 3401 10
902 3347 998 3400 lemma
1016 3351 1041 3400 et

5 3423 6 3430 ¹
46 3412 147 3468 scholion
175 3433 203 3470 c.
237 3420 255 3470 7
282 3431 368 3484 usque
394 3417 433 3470 ad
463 3415 553 3485 lyrica
585 3415 626 3470 bis
656 3417 762 3484 eccepto
792 3422 858 3470 sont
889 3417 922 3470 in
941 3418 989 3470 ‘M

46 3487 70 3534 13
96 3485 191 3560 trhst1p
222 3486 292 3554 (bis)
324 3492 349 3540 et
379 3486 484 3556 rodope
518 3487 556 3540 M
646 3491 679 3539 14
703 3487 758 3540 est:
782 3486 840 3540 ait?
932 3491 966 3540 19
984 3485 1040 3538 fra-

46 3569 111 3608 xmcs
128 3557 162 3610 M
240 3563 275 3612 20
294 3557 442 3614 ultncrbus
462 3558 501 3612 M
582 3558 746 3611 mstmctum
766 3557 804 3610 M
881 3561 915 3609 23
933 3557 984 3609 tuo
1004 3553 1044 3606 M

103 3628 303 3684 MmmM

91 3733 242 3780 Pommor.
863 3717 879 3765 ⁸
