2378 3934
316 137 496 194 EPISTULA
515 140 536 210 ι,
555 146 580 208 4,
601 146 678 210 ι-ι,
698 147 722 195 s.
962 141 1029 206 273

17 303 215 368 rescindit.
261 302 491 387 nequiquam
520 325 579 388 pro
609 302 707 368 ‘non'.
753 308 790 369 ut
812 302 1028 390 Uergilius:

18 391 62 456 Et
86 413 230 458 summo
254 391 370 475 clipei
394 391 625 476 nequiquam
653 392 815 458 umbone
842 393 1029 478 pependit

19 492 47 544 et
69 479 180 546 Nunc
203 481 437 565 nequiquam
459 480 568 545 fallis
591 481 668 546 dea.

388 636 569 692 uersuum
588 644 611 706 1,
631 643 656 691 ι.

102 744 156 809 Ad
183 745 324 811 Albium.
393 748 414 811 2
442 747 482 811 in
511 747 672 832 regione
699 747 861 812 Pedana
906 746 1057 812 Pedums

20 834 173 918 oppidum
199 834 279 899 haut
309 834 407 921 longe
440 835 482 900 ab
508 833 597 900 Urbe
628 836 699 902 fuit
754 859 863 901 nunc
872 857 939 900 non
972 840 1031 918 est,

23 945 131 987 uerum
155 921 260 988 adhuc
282 925 372 1010 regio
395 925 467 1008 ipsa
486 922 618 988 Pedana
637 925 761 990 dicitur.
815 926 837 990 3
861 925 1030 989 scribere

21 1012 117 1112 quod
140 1009 252 1076 Cassi
274 1010 495 1078 Parmensis
519 1035 622 1097 opus.
667 1014 721 1078 hic
744 1017 794 1078 est
812 1011 953 1098 Cassius,
976 1014 1031 1115 qui

21 1103 51 1163 in
76 1100 227 1185 partibus
251 1098 342 1166 Cassi
370 1106 403 1166 et
425 1100 519 1166 Bruti
493 1104 616 1166 tcum
638 1100 755 1167 Horat
730 1106 776 1168 ιιο
799 1103 1018 1168 tribunusmr

21 1189 53 1252 lit
41 1194 109 1253 tum
140 1188 305 1254 militauit.
361 1190 478 1276 quibus
510 1189 606 1255 uictis
638 1189 785 1256 Athenas
818 1213 851 1256 se
884 1192 1031 1257 contulit.
1046 1213 1072 1252 ιο

23 1277 158 1352 Quintus
171 1277 290 1343 Uarius
308 1279 349 1343 ab
363 1277 494 1364 August
495 1301 514 1344 o
532 1279 660 1364 missus,
682 1283 719 1343 ut
737 1301 811 1344 eum
829 1280 1032 1363 interficeret,

23 1367 202 1431 studentem
216 1368 358 1452 repperit
371 1371 404 1434 et
422 1370 590 1451 perempto
609 1389 648 1433 eo
672 1368 825 1433 scrinium
848 1390 921 1432 cum
941 1368 1031 1433 libris

24 1455 100 1519 tulit.
156 1455 242 1520 unde
274 1456 370 1521 multi
402 1457 606 1522 crediderunt
633 1456 800 1541 Thyesten
831 1453 924 1522 Cassi
954 1455 1031 1522 Par·

26 1545 138 1609 mensis
157 1544 267 1610 fuisse.
304 1546 478 1630 scripserat
501 1546 587 1610 enirn
610 1546 729 1610 multas
749 1547 829 1610 alias
847 1545 1032 1631 tragoedias

27 1631 160 1698 Cassius.
214 1633 236 1696 4
255 1633 376 1699 siluas
395 1635 500 1699 inter
522 1637 676 1718 reptare
696 1635 882 1700 salubres.
927 1634 1072 1700 sale-1⁵

24 1721 96 1787 tres
118 1720 243 1787 siluas
265 1722 367 1788 libros
390 1723 703 1808 philosophumenos
727 1723 898 1810 significat.

392 1880 573 1935 uersuum
594 1887 617 1950 1,
635 1887 659 1935 a.

106 1986 310 2072 Torquatum
332 1989 452 2054 inuitat
475 1989 516 2055 ad
534 1990 730 2056 conuiuium.
776 1991 808 2055 si
830 1994 941 2075 potes
964 1989 1034 2054 Ar-

26 2075 165 2141 chiacis
184 2077 350 2142 conuiua
368 2079 589 2144 recumbere
607 2079 733 2144 lectis.
764 2077 902 2144 Archias
920 2079 1035 2144 breues

27 2165 120 2231 lectos
156 2164 249 2248 fecit3
285 2165 360 2231 inde
397 2166 548 2232 Archiaci
585 2168 663 2233 dieti
699 2169 783 2234 sicut
818 2171 839 2248 †
878 2190 897 2232 ι
937 2168 1033 2233 boeto
1048 2184 1077 2224 ιο

28 2255 177 2320 oboeotos
203 2253 347 2319 dicimus.
438 2257 458 2320 2
485 2278 554 2321 nec
584 2257 735 2322 modica
762 2278 899 2322 cenare
922 2256 1035 2321 times

27 2343 141 2408 holus.
175 2343 252 2407 dum
266 2341 343 2408 dicit
362 2344 512 2410 modica
530 2348 563 2410 et
581 2345 709 2429 times,
726 2346 920 2410 breuitatem
939 2366 1036 2411 cenae

27 2431 172 2498 ostendit.
255 2431 275 2496 3
303 2454 480 2516 supremo
507 2437 544 2499 te
573 2435 654 2499 sole
682 2434 791 2500 domi.
846 2455 1036 2519 supremo:

2 2571 3 2592 ,
29 2542 147 2586 summo
175 2520 210 2584 id
238 2523 287 2584 est
313 2521 395 2587 hora
423 2525 523 2587 sexta.
581 2544 695 2588 uerum
723 2523 810 2607 quod
838 2523 884 2587 ιιι
911 2522 1038 2588 Tauro

29 2609 161 2674 terumi
186 2610 330 2691 [iterum]
354 2609 514 2696 diffusa,
537 2612 680 2677 ostendit
700 2612 807 2676 Tauro
825 2611 943 2676 iterum
962 2631 1037 2676 con·
1052 2628 1081 2669 ss

29 2699 89 2762 sule
111 2699 206 2764 lecta.
288 2698 309 2764 5
332 2698 689 2802 Sinuessanumque
712 2698 920 2765 Petrinum
979 2697 1038 2764 Pe·

29 2786 127 2852 trinus
156 2787 248 2852 uicus
277 2789 353 2853 olim
381 2791 413 2853 et
439 2789 567 2854 locus
558 2811 593 2852 m
621 2810 700 2875 agro
727 2787 879 2872 Falerno,
907 2809 947 2852 ex
973 2810 1038 2871 quo

30 2873 225 2961 intellegitur
251 2877 292 2941 ad
319 2875 493 2943 Falernum
519 2878 632 2942 uinum
661 2878 861 2962 Torquatum
890 2876 1039 2942 inuitare

109 2965 131 3028 9
156 2966 195 3028 et
217 2961 365 3032 Moschi
387 2988 541 3032 causam
565 2987 651 3031 cras
668 2968 760 3031 nato
741 2965 967 3031 oMoschus
985 2966 1039 3032 hic

3 3049 247 3138 Pergamenus
278 3053 342 3119 fuit
377 3055 489 3121 rhetor
524 3035 722 3120 notissimus
780 3075 854 3119 reus
891 3055 1040 3120 ueneficii
1053 3075 1082 3115 so

95 3211 196 3266 2Αιιι
217 3217 242 3281 2,
262 3215 313 3266 546
332 3214 362 3266 et
381 3218 423 3281 12,
443 3217 496 3267 634

94 3359 110 3407 o
127 3353 246 3424 pedrmn
265 3353 304 3407 Μ
365 3354 506 3409 θιιοιιιιο
520 3353 617 3408 ιιιιιιι]
631 3352 768 3408 mrhtamt
783 3353 821 3406 Μ
884 3359 915 3407 11
936 3352 1041 3422 Porph.

35 3371 159 3486 Quintum
176 3425 284 3480 Uarum
301 3430 326 3480 et
348 3423 467 3479 Lucium
485 3424 602 3480 Uarium
624 3424 785 3478 commiscuit
863 3430 896 3478 15
916 3421 1042 3479 salubres

35 3494 122 3549 addidi
197 3502 229 3552 16
244 3495 512 3579 φιλοσοφουμένοις
536 3513 568 3580 g·
635 3501 669 3549 2ο
698 3494 839 3548 aBoeoto
865 3495 1001 3549 Boeotos?
1025 3513 1044 3550 a

37 3563 130 3621 Boetho
150 3566 298 3622 Boethicos
319 3567 413 3637 Pauly
485 3572 519 3620 22
539 3567 625 3638 caenp
642 3565 680 3618 M
749 3569 783 3618 29
804 3581 877 3621 cras.
897 3582 945 3622 oar
961 3565 999 3618 M

4 3639 64 3698 θ
80 3653 263 3708 pergamenos
282 3637 337 3692 furt
354 3637 450 3692 rehtor
470 3637 508 3692 M

82 3745 145 3785 Pon
113 3754 246 3788 musmo.
795 3733 830 3782 18
