2416 3934
171 145 214 211 80
588 142 660 199 ona
679 143 726 212 111,
748 148 774 199 a.

171 331 215 373 an
232 310 270 372 ut
287 308 403 372 mereri
423 306 583 392 stipendia
601 305 720 370 milites
738 303 898 370 dicimus?
957 304 1001 368 14
1022 303 1193 369 indoeil:

170 397 302 482 iugum
338 397 438 462 collo
474 395 689 460 trahentes:
729 394 851 478 alioqui
886 393 1009 458 scilicet
1046 391 1192 456 indocili

170 507 239 551 non
266 487 377 570 utique
401 485 499 549 etiam
526 483 586 548 sub
609 482 726 548 Libero
749 486 856 568 patre,
883 483 940 567 qui
962 503 1017 547 eas
1042 481 1193 546 docuerit

171 576 286 660 iugum
309 596 403 638 suum
424 573 562 638 trahere.
641 574 681 637 17
706 576 858 658 gratum
881 573 1039 636 elocuta
1061 570 1193 635 oonsi-

145 663 367 728 eliantibus
402 661 550 726 Iunone
587 660 697 726 diuis.
756 660 1063 726 consiliantibus
1105 681 1193 723 nun(

173 752 220 817 ‘in
242 751 377 817 consilio
401 747 586 834 agentibus'
608 749 872 834 intellegendum.
907 754 959 814 est
980 752 1097 814 autem
1125 771 1193 812 sen

172 863 240 906 sus:
263 839 389 905 Iunone
403 841 539 922 elocuta,
562 839 649 923 quod
662 842 733 903 erat
746 861 820 906 eum
843 837 913 922 diis,
936 838 1023 922 apud
1047 860 1141 922 qnos
1166 839 1193 901 ir

172 929 307 994 consilio
339 928 540 1012 loquebatur.
599 930 752 1014 gratum
785 929 941 993 elocuta
971 927 1193 993 consiliari·

171 1017 276 1082 tibus
303 1015 329 1081 Ι.
356 1016 386 1082 (1.
444 1037 513 1083 non
540 1019 590 1082 est
616 1016 680 1081 alia
706 1016 787 1081 haec
814 1011 885 1106 ᾠδὴ
909 1037 1007 1100 quam
1031 1017 1191 1100 superior

133 1127 159 1166 ro
174 1105 230 1170 sed
253 1106 301 1170 illi
324 1106 486 1172 adhaeret.
545 1127 643 1190 quare
665 1105 838 1189 falluntur,
866 1106 923 1190 qui
945 1127 999 1170 eas
1023 1109 1191 1190 separant

173 1195 292 1279 quippe
316 1216 389 1260 cum
412 1195 582 1260 manifeste
606 1196 696 1279 operi
719 1195 893 1260 adhaereat
909 1195 972 1259 hoc
989 1194 1108 1260 modo:
1135 1195 1193 1258 111(

174 1281 327 1360 Quirinus
355 1283 470 1348 Martis
498 1284 589 1368 equis
616 1281 805 1349 Acheronta
830 1283 930 1369 fqgit,
958 1286 1093 1370 gratum
1132 1285 1193 1346 elo·

173 1375 275 1456 quuta
294 1371 540 1438 consiliantibus
559 1371 684 1438 Iunone
703 1372 796 1438 diuis.
828 1371 991 1458 significat
1009 1372 1103 1436 enim
1123 1371 1193 1454 lroc¹

172 1460 348 1526 Romulum
374 1463 410 1526 in
438 1463 562 1527 caelum
588 1465 754 1546 receptum
782 1459 907 1527 Iunone
937 1461 1004 1526 iam
1035 1460 1193 1546 mitigata

134 1570 160 1610 15
172 1548 344 1634 Romanis,
380 1549 496 1634 quibus
528 1553 662 1634 propter
692 1551 788 1633 iram,
824 1571 922 1634 quam
956 1551 993 1614 in
1025 1549 1193 1616 Troianos

172 1635 295 1722 habuit,
318 1638 516 1723 aliquamdiu
538 1639 623 1702 irata
642 1645 706 1718 fult.
767 1637 807 1703 19
831 1638 967 1704 fatalis
990 1639 1193 1703 incestus-

173 1747 243 1809 que
265 1726 388 1790 iudex.
423 1727 503 1792 haee
521 1726 587 1792 iam
609 1726 744 1793 Iunonis
763 1727 862 1793 uerba
886 1730 963 1792 sunt
984 1727 1028 1804 111,
1039 1729 1193 1794 consilio.

240 1815 284 1880 22
306 1815 399 1880 mihi
422 1819 628 1900 castaeque
647 1816 866 1881 damnatum
884 1815 1103 1882 Mineruae.v
1134 1841 1193 1948 prq

174 1901 204 1967 ‘a
227 1902 299 1969 me'.
380 1905 423 1970 23
448 1906 681 1972 damnatum:
709 1904 806 1970 Ilium
829 1905 959 1971 scilicet.
1045 1905 1092 1972 25
1118 1907 1192 1972 iam

133 2013 243 2057 conec
267 1992 465 2058 Lacaenae
496 1994 675 2079 splendet
698 1993 896 2080 adulterae
924 1995 1101 2062 famosus
1127 1996 1192 2060 ho«

173 2103 188 2143 s
193 2102 267 2164 pes.
304 2083 470 2166 eleganter
482 2083 563 2148 haec
577 2083 737 2169 dicuntur,
751 2084 866 2168 quibus
881 2083 974 2168 quasi
988 2085 1141 2150 ostendit
1161 2069 1192 2164 11

171 2165 254 2231 Ι11ο
283 2169 324 2232 ad
351 2171 607 2235 satisfactionem
634 2193 735 2257 usque
762 2173 920 2238 ultionem
942 2174 1130 2258 percepisse
1155 2176 1191 2239 de

172 2253 330 2321 Troianis.
398 2259 441 2322 34
469 2260 618 2323 discere
642 2261 813 2326 nectaris
837 2284 948 2328 sucos
976 2261 1010 2326 id
1037 2267 1107 2330 est:
1138 2265 1191 2328 ad*

173 2362 319 2443 suescere
343 2347 513 2430 saporibus
536 2350 685 2414 nectaris.
744 2351 785 2414 37
811 2351 896 2416 dum
917 2352 1061 2438 longus
1085 2297 1191 2418 intei

132 2449 158 2489 aa
173 2438 326 2496 saeurat
347 2432 450 2499 Ilion
472 2436 704 2522 Romamque
727 2442 879 2524 pontus.
915 2441 993 2505 dum
1016 2443 1120 2528 longe
1142 2445 1182 2506 sit

171 2517 286 2603 inquit,
309 2522 351 2586 ab
374 2521 435 2590 Ilio
458 2525 573 2610 Roma,
595 2527 631 2590 in
653 2528 798 2612 qualibet
819 2533 912 2614 parte
935 2530 1023 2595 orbis
1044 2493 1190 2596 Romani

172 2611 330 2691 quantum
353 2611 389 2676 in
411 2636 462 2679 me
486 2618 537 2680 est
557 2621 705 2702 regnent.
742 2618 907 2702 eleganter
927 2618 981 2684 hic
1003 2619 1189 2703 peruicacia

170 2747 272 2814 iratae
295 2753 331 2817 in
354 2753 512 2824 Troianos
537 2757 613 2823 deae
643 2758 841 2844 exprimitur.
930 2761 973 2826 39
1004 2721 1189 2848 †regnil

172 2835 311 2903 obeati.
334 2851 508 2930 regnant.
533 2860 562 2912 o.
598 2871 657 2933 pro
676 2852 823 2933 regnent,
846 2849 988 2915 secunda
1005 2873 1067 2935 pro
1091 2854 1188 2916 tertis

132 2941 159 3040 eo
173 2941 314 3002 persona
328 2935 386 3014 est,
404 2940 441 2999 ut
460 2941 510 3002 est
529 2936 609 3002 illud
628 2935 911 3022 Uergilianum:
935 2938 1094 3005 Tertius
1119 2941 1188 3025 1111

171 3009 301 3108 eolica
328 3015 399 3082 hac
432 3027 543 3110 galea
576 3029 785 3093 contentus
818 3027 932 3092 abito.
1022 3029 1069 3093 40
1102 3030 1187 3094 dum

170 3091 314 3163 Prlami
350 3105 579 3200 Paridisque
616 3116 728 3180 busto
765 3115 932 3180 insultet
968 3121 1185 3183 armentum

170 3213 384 3238 Ἃ

242 3275 276 3322 30
296 3274 364 3332 Aen.
384 3286 409 3349 5,
429 3291 482 3342 314

170 3361 384 3388 Ἃ

172 3476 205 3524 14
223 3413 421 3546 rdmblgmMM
464 3435 497 3484 10
511 3431 628 3555 illssilelr&
646 3437 671 3486 et
689 3431 824 3487 adhereat
843 3433 882 3486 M
951 3439 984 3487 11
1003 3434 1110 3503 priori?
1185 3389 1186 3458 l

597 3519 645 3556 um
664 3503 702 3556 Μ
798 3509 832 3558 10
851 3503 1008 3559 Lacaenae:
1028 3506 1129 3579 helenq
1150 3508 1185 3560 M

241 3547 383 3631 adulterre
403 3564 442 3618 M
521 3577 555 3625 11
574 3590 661 3640 usque
685 3573 721 3627 ad
739 3573 876 3628 ultionem
894 3575 932 3627 M
1012 3581 1047 3630 13
1066 3583 1185 3632 necteris

169 3626 265 3669 sucum
285 3620 324 3676 M
1184 3635 1185 3674 1

394 3637 428 3688 19
450 3637 544 3711 Pauly
562 3645 679 3712 regnato
698 3645 858 3700 scholiastes
876 3646 968 3716 legisse
981 3652 1070 3720 putot

1029 3829 1041 3896 l
1183 3817 1184 3888 1
