2426 3934
180 125 244 192 328
454 123 636 182 EPISTULA
653 124 688 193 Π,
709 131 733 193 1,
752 129 866 192 ass-c,
886 132 910 179 1.

178 290 270 354 nium
293 288 431 374 quidem,
453 288 569 373 inquit,
592 287 736 354 adulatio
760 287 873 352 odiosa
895 290 953 371 est,
975 287 1031 352 scd
1050 288 1170 352 maxime

178 382 349 463 poetarum
376 377 545 442 malorum.
599 379 632 442 et
664 376 783 442 subicit
814 397 953 442 causam.
998 375 1075 440 dicit
1101 377 1170 440 enim

179 468 274 532 citius
298 473 327 531 et
348 467 469 532 maiore
493 465 600 530 studio
623 464 776 530 ridiculos
799 486 913 530 uersus
936 463 1016 530 disci
1038 468 1071 528 et
1086 467 1171 528 teneri

179 579 276 640 quam
304 555 520 620 admirabiles.
565 574 642 638 ergo
670 555 705 618 in
727 557 894 620 aeternam
915 553 1101 620 memoriam
1119 553 1171 617 foe-

152 644 274 712 sdatus
298 646 356 728 est,
380 667 476 729 quem
500 644 563 708 tale
591 664 721 708 carmen
746 641 908 725 polluerit.
997 643 1064 708 264
1089 641 1173 706 nihil

178 756 306 800 moror
329 733 515 798 officium.
575 733 732 816 quantum
755 731 796 796 ad
817 753 883 815 me,
904 731 1022 816 inquit,
1043 731 1190 814 pertinet,

177 824 254 887 nolo
282 821 363 888 mibi
390 821 461 886 fieri
488 821 680 905 obsequium
709 842 772 905 quo
802 839 934 904 grauer,
967 820 1031 886 boc
1062 822 1121 884 est:
1147 820 1173 882 in

179 910 315 976 dedecus
344 932 483 993 premar.
574 909 640 974 264
668 931 712 973 ac
738 930 860 992 neque
887 908 985 974 ficto
1014 910 1054 974 in
1079 908 1173 992 peius

178 1000 302 1075 uultu:
331 1003 369 1063 ut
394 999 471 1064 nolo
500 999 541 1064 ab
564 998 716 1082 imperito
739 998 778 1063 dc
801 1019 873 1065 ocra
896 998 966 1062 fieri
987 996 1117 1082 turpior.

139 1111 165 1151 ιο
179 1089 243 1154 267
267 1110 315 1156 uc
342 1089 499 1158 rubeam
525 1086 676 1172 pingui:
699 1109 742 1152 ne
764 1086 953 1154 erubescam
975 1087 1115 1154 muueris
1135 1107 1172 1150 ac-

178 1180 273 1262 cepta
300 1176 466 1244 foeditate.
515 1179 549 1244 et
575 1176 713 1262 pingui
742 1175 820 1246 ‘non
847 1175 971 1244 subtili'
995 1175 1122 1244 scilicet.

178 1266 243 1332 267
278 1270 316 1330 ct
344 1288 419 1331 una
451 1288 532 1332 cum
565 1265 762 1349 scriptore
794 1287 886 1330 meo.
943 1265 1018 1330 ideo
1052 1263 1173 1349 quiain

178 1354 291 1420 eodem
313 1355 397 1420 libro
421 1358 454 1420 et
477 1355 643 1438 scriptoris
666 1375 787 1426 nornen
810 1353 897 1420 inest
919 1357 952 1418 et
972 1354 1043 1420 eius
1067 1353 1173 1436 dequo

179 1443 343 1528 scribitur,
370 1448 408 1508 ut
434 1442 571 1529 Uergilii
593 1441 728 1527 Aeneis,
755 1441 891 1529 Homeri
914 1441 1061 1527 Odyssia.
1123 1440 1192 1506 268*

139 1554 296 1616 racapsa
322 1537 535 1616 porrectus.
593 1532 675 1598 bene
702 1535 909 1618 porrectus
937 1535 971 1595 et
1000 1531 1048 1596 ‘in
1077 1551 1175 1613 capsa

179 1620 342 1706 operta',
369 1621 460 1707 quasi
487 1624 634 1688 mortuus
662 1621 698 1686 in
724 1620 855 1688 feretro.
943 1620 1009 1690 269
1040 1619 1174 1685 deferar

177 1710 217 1774 in
239 1710 381 1778 uicum:
405 1709 578 1776 Turarium
599 1731 660 1792 pro
684 1712 797 1776 charta
820 1710 898 1778 sola.
965 1710 1034 1776 270
1062 1707 1174 1776 amici·

178 1802 254 1866 tur:
277 1798 465 1864 inuoluitur.

550 1919 731 1974 uersuum
747 1926 772 1988 2,
791 1926 817 1974 2.

138 2054 165 2094 ao
267 2029 390 2096 Flore.
437 2033 571 2114 apparet
593 2030 680 2094 hunc
702 2027 836 2094 Florum
859 2029 1010 2094 comitem
1041 2031 1074 2095 et
1097 2028 1172 2092 fami·

177 2118 290 2182 liorem
312 2117 452 2183 Neronis
481 2122 514 2183 et
536 2119 732 2206 efflagitasse
760 2119 801 2182 ab
823 2116 962 2183 Horatio
991 2119 1130 2183 carmina
1148 2124 1173 2178 ct

178 2226 245 2270 non
258 2207 441 2270 mittentem
453 2207 660 2291 increpuisse.
693 2208 745 2273 cui
767 2230 825 2292 per
848 2206 1037 2294 allegoriam
1060 2227 1172 2291 respon-

177 2294 257 2358 dens
279 2294 332 2358 bie
356 2295 526 2380 significat,
549 2296 627 2360 item
649 2297 741 2362 illum
759 2297 878 2361 iniuste
892 2297 988 2362 irasci
1002 2297 1074 2384 sibi,
1095 2315 1172 2380 quen

178 2383 219 2447 ab
241 2382 336 2447 initio
358 2384 489 2470 pigrum
512 2384 553 2448 ad
576 2384 781 2450 scribendum
804 2384 894 2469 sciat,
916 2407 1013 2472 quam
1035 2387 1172 2452 iniustam

137 2497 163 2538 as
177 2472 339 2537 uenditori
379 2473 470 2538 litem
507 2474 576 2557 dat,
618 2473 672 2558 qui
708 2473 884 2558 fugitiuum
921 2496 1050 2540 seruum
1086 2475 1171 2540 sciens

178 2562 299 2627 emerit.
346 2563 379 2626 et
404 2563 476 2626 tota
504 2562 571 2626 fere
593 2561 674 2627 haec
698 2562 838 2646 epistula
861 2561 921 2627 sub
944 2561 1006 2630 hac
1029 2561 1171 2628 sententia

177 2654 240 2734 est,
268 2650 411 2714 carmina
438 2673 471 2715 se
499 2649 621 2716 Romae
648 2673 718 2715 non
743 2651 861 2716 fiducia
890 2652 1026 2737 ingenii,
1054 2652 1107 2717 sed
1130 2671 1170 2733 pe-

176 2740 271 2804 nuria
298 2739 451 2804 familiari
478 2739 658 2825 scripsisse,
686 2762 768 2825 quae
797 2741 974 2824 scripserit,
999 2739 1170 2825 praesertin

177 2849 249 2892 cum
272 2830 308 2892 iu
329 2828 427 2893 turba
449 2833 478 2893 et
506 2830 615 2894 multis
644 2829 910 2913 occupationibus
932 2832 1082 2914 poemata
1103 2848 1171 2892 corn-

137 2939 164 2981 ao
177 2917 255 3000 poni
278 2938 346 2982 non
368 2918 505 3002 possint,
529 2939 611 3004 quae
634 2921 671 2981 ut
692 2918 780 2983 bona
803 2918 870 2984 sint
893 2940 966 2983 eum
979 2939 1096 3004 magno
1109 2915 1171 2981 scri·

175 3006 278 3089 ptoris
325 3007 470 3072 cmciatu
516 3007 582 3070 sint
627 3007 838 3072 emendanda.
905 3008 946 3072 ad
981 3007 1171 3092 ¹postremum

249 3205 263 3254 1
284 3197 409 3253 adulatio
427 3214 491 3253 aaa:
510 3201 671 3254 aestimatio
691 3201 729 3254 M
809 3206 826 3254 3
845 3215 943 3254 uersus
962 3199 1046 3256 discit
1064 3198 1100 3257 M
1140 3197 1169 3275 ,l

176 3286 276 3338 graues
296 3269 335 3322 M
417 3269 529 3325 8facto
548 3270 587 3323 M
666 3277 700 3326 10
718 3271 845 3330 mutueris
864 3271 902 3325 M
978 3277 1011 3326 13
1030 3285 1124 3326 nomen
1137 3283 1169 3320 m-

176 3341 220 3394 est
237 3355 303 3394 aaa:
320 3354 432 3394 nomme
452 3342 495 3394 est
514 3340 553 3397 M
637 3347 671 3396 14
689 3343 801 3413 uergrll.
822 3342 861 3396 M
939 3347 974 3395 15
992 3342 1127 3411 correptus
1142 3377 1168 3390 ..

176 3412 320 3478 correptus
340 3451 346 3464 .
367 3449 372 3462 .
392 3425 477 3479 capso
495 3412 609 3478 opertus
625 3412 663 3465 M
734 3419 767 3468 17
787 3413 864 3468 scola
883 3413 921 3467 M
990 3405 1170 3471 noanon

248 3479 498 3535 tabicaoa:hoc
518 3480 557 3533 M
656 3485 990 3554 itameswpraascr,
1010 3484 1048 3538 M
1142 3482 1168 3530 25

177 3545 299 3600 subahac
319 3549 358 3600 M
436 3556 470 3606 29
490 3553 519 3605 et
537 3553 636 3608 addidi
717 3560 753 3610 ³0
770 3557 889 3624 possunt
906 3560 932 3610 et
949 3556 1014 3610 sunt
1033 3555 1070 3610 M
1142 3554 1167 3601 3¹

178 3616 299 3668 crutratu
319 3620 375 3670 srnt
393 3621 541 3674 emendata
561 3623 599 3674 M
