2378 3934
357 115 429 173 oon
447 117 494 184 111,
515 122 548 172 rs
567 119 597 172 et
616 122 657 172 19.
960 120 1023 185 105

37 280 137 368 agros,
159 281 215 346 sed
239 279 307 348 ‘illo
331 279 404 364 die’,
427 301 490 363 quo
514 278 665 346 uidelicet
677 300 745 345 non
760 280 897 346 timeant
910 282 1023 367 lupum

36 373 101 436 inter
120 391 152 436 se
176 371 346 436 errantem.
391 371 424 433 et
441 368 505 434 hoo
522 368 759 434 interueniente
772 370 905 436 numine
919 369 1023 439 Fauni

36 460 139 524 oronim
168 459 259 542 dicit,
296 459 351 542 qui
384 457 476 541 quasi
509 456 559 520 die
590 457 676 522 festo
709 478 767 524 suo
796 459 869 522 uult
897 480 1022 545 peoora,

35 571 97 633 quae
111 548 168 612 sub
181 548 285 615 tutela
299 569 357 614 sua
366 550 451 630 sunt,
465 546 535 610 sine
548 544 691 629 periculo
700 567 777 612 esse.
825 545 867 611 15
882 549 1024 632 gaudet

34 638 178 701 inuisam
221 637 422 720 pepulisse
467 635 596 700 fossor
640 637 700 699 ter
739 634 834 718 pede
870 637 1048 706 terrams

34 728 150 790 mulsam
180 729 303 790 terram
333 723 512 790 fossoribus
542 722 657 788 merito
685 723 779 808 dixit,
811 725 896 808 quod
927 725 963 788 in
986 747 1024 790 ea

33 815 172 896 laborent,
209 834 284 878 oum
315 813 453 878 fodiunt
498 811 646 878 naturale
678 816 728 877 est
758 812 844 878 enim
874 813 1024 879 omnibus

33 903 115 968 odisse
136 902 259 968 laboris
282 901 332 966 sui
350 901 527 966 materiem.
574 899 736 986 signifieat
749 904 857 967 eutem
870 905 1024 988 agrestes,

33 1013 87 1056 oum
106 991 189 1056 testo
212 989 319 1056 Fauni
341 990 449 1057 feriati
471 989 595 1074 ludent,
617 989 653 1054 in
675 993 761 1054 terra
784 989 970 1074 tripudiare.

429 1163 501 1220 ODE
521 1170 550 1232 3,
570 1169 612 1220 19.
1038 1187 1065 1228 ιο

100 1272 294 1350 Quantum
325 1273 445 1338 distet
477 1273 522 1338 ab
554 1271 700 1338 Inacho
733 1270 888 1338 Codrus.
933 1271 1024 1338 Tele·

31 1362 111 1444 phum
133 1363 278 1428 sodalem
301 1362 487 1446 adloquitur
508 1363 616 1427 iocose
637 1383 712 1427 eum
726 1361 916 1446 corripiens,
939 1362 1024 1446 quod

31 1451 162 1516 historias
185 1473 255 1517 non
278 1452 319 1516 ad
343 1472 376 1516 se
398 1451 599 1536 pertinentes
621 1451 730 1534 potius
753 1451 905 1534 loquitur,
929 1472 1025 1534 quam

32 1562 94 1622 quae
131 1541 319 1625 pertineant
360 1539 400 1604 ad
437 1540 579 1604 oonuiuii
620 1539 800 1624 praesentis
841 1542 1025 1624 apparatus.

33 1629 124 1692 deinde
147 1651 326 1694 oonuersus
349 1629 390 1693 ad
412 1650 549 1714 puerum
571 1628 733 1712 hortatur,
765 1630 803 1693 ut
830 1629 937 1712 inpari
966 1649 1024 1692 nu·
1038 1637 1065 1679 1⁵

32 1739 100 1782 noro
125 1718 318 1802 cyathorum
349 1719 499 1802 potiones
531 1716 639 1782 faeiat
684 1721 869 1801 quantum
904 1716 1025 1782 distet

30 1805 64 1869 ab
100 1805 246 1872 Inacho
283 1804 431 1874 Codrus
473 1825 543 1890 pro
583 1806 713 1890 patria
753 1827 829 1871 non
865 1805 1024 1872 timidus

30 1896 108 1958 mori
133 1917 282 1960 narres.
359 1897 459 1976 [eum]
484 1895 771 1980 comparationem,
802 1894 922 1978 inquit,
944 1894 1024 1958 faois

29 1983 167 2050 uirtutum
197 1983 313 2050 Inaohi
330 1987 377 2048 -et
400 1983 505 2050 Codri.
551 1981 675 2050 Codrus
706 1986 817 2047 autem
847 1981 1024 2046 Athenien·

30 2072 96 2135 sium
117 2073 181 2138 dux
204 2073 281 2158 fuit,
305 2073 372 2157 qui,
404 2076 441 2138 ut
463 2073 588 2157 patriae
611 2072 782 2137 uictoriam
804 2073 945 2154 pareret,
975 2069 1024 2134 in·
1038 2079 1065 2120 ²⁰

30 2161 226 2226 tenimendum
273 2183 307 2226 se
342 2161 605 2228 Lacedaemoniis
648 2161 779 2243 obtulit3
829 2159 869 2224 de
912 2157 1026 2223 Inaohi

31 2253 120 2314 autem
151 2250 330 2316 uirtutibus
360 2252 450 2316 nulla
483 2250 590 2315 extitit
620 2249 766 2314 historia.
832 2249 855 2312 4
891 2250 928 2312 et
958 2270 1024 2332 pu·

31 2342 130 2420 grata
162 2361 274 2405 sacro
306 2340 410 2405 bella
442 2341 510 2404 sub
537 2338 622 2404 Ilio.
668 2359 796 2402 suorum
822 2335 918 2402 Ilium
945 2336 1026 2401 dixit

31 2427 188 2494 seeundum
220 2427 467 2494 Homericum
498 2427 592 2493 illud:
616 2422 724 2491 Ἴλιον
748 2419 835 2511 ἱρήν.
903 2426 922 2489 7
951 2446 1024 2508 quo

31 2517 222 2595 praebente
246 2517 396 2583 domum
423 2522 461 2582 et
483 2521 615 2601 quota:
653 2514 695 2580 ed
717 2513 913 2598 epulandum
935 2531 1066 2597 pree-2⁵

31 2603 111 2669 bente
133 2605 268 2691 seilicet,
300 2629 367 2690 quo
393 2605 489 2671 modo
520 2606 627 2671 solent
658 2604 777 2668 dicere:
814 2601 899 2686 apud
923 2623 1027 2684 quem.

33 2695 61 2754 et
88 2697 200 2777 quota
231 2693 433 2780 Paelignis
464 2716 612 2760 oeream
643 2691 868 2778 frigoribus.
918 2693 1026 2752 utrum

32 2779 227 2868 inPaeligno
251 2783 371 2868 oppido
403 2785 475 2848 uult
501 2781 647 2866 intellegi
670 2780 746 2863 diei,
778 2800 821 2843 en
852 2781 889 2842 ut
921 2779 1027 2842 solent

33 2873 129 2949 poetae
152 2871 291 2955 speeiem
312 2893 372 2956 pro
397 2893 514 2958 genere
536 2869 655 2955 posuit,
677 2872 715 2934 ut
735 2867 849 2932 Leuis
872 2867 1027 2931 innatat

34 2957 127 3024 alnus
148 2958 395 3026 MissePado.
462 2961 483 3025 9
506 2961 553 3024 da
575 2961 691 3024 lunae
714 2977 1067 3042 properenouoezu

36 3082 229 3095 ffi—

92 3139 122 3188 29
139 3135 222 3204 Verg.
242 3135 341 3204 Georg.
361 3141 387 3204 2,
405 3141 455 3188 451

37 3241 230 3257 Ἣ

94 3293 270 3349 tlaboraent
289 3295 327 3348 M
397 3299 413 3349 8
431 3293 541 3348 labores
560 3293 599 3346 M
668 3296 684 3345 9
702 3290 832 3349 mludant
851 3290 889 3344 M

39 3365 63 3413 11
78 3363 158 3419 dnoet
176 3366 215 3419 M
302 3363 419 3420 toletum
439 3365 477 3418 M
565 3369 598 3418 13
616 3363 781 3432 loquuturg
872 3366 904 3415 17
923 3362 1029 3429 parnas

40 3450 169 3490 ..murras
188 3437 228 3490 M
298 3442 331 3490 21
349 3435 567 3490 lacaedemonns
586 3434 624 3488 M
694 3439 728 3488 24
746 3447 898 3488 omenoum
918 3433 956 3484 M

40 3499 92 3558 ilud
116 3507 149 3560 de
174 3507 244 3562 rlron
277 3506 379 3562 erPHN
408 3507 456 3573 M,
488 3509 603 3574 propter
638 3506 827 3558 eremetieurm
849 3517 941 3556 rasum
963 3501 1028 3553 seri·

39 3573 268 3640 renuentum
282 3573 346 3648 ἱρήν
401 3576 559 3631 2'teereant
573 3575 612 3629 M
659 3580 693 3629 29
708 3573 820 3641 optarem
835 3571 873 3624 M
920 3576 1027 3636 30pro·

42 3658 104 3707 perae
121 3649 157 3702 M
