2378 3934
385 115 687 186 emmanu
990 116 1054 181 ιω

51 277 241 342 manifestus.
286 279 332 342 ait
363 278 450 342 enim
477 301 579 362 paruo
612 299 646 344 se
668 281 857 344 contentum
887 279 960 364 plus
993 280 1055 346 sibi

53 367 151 430 uidere
172 366 349 452 possidere,
371 387 468 451 quam
492 368 520 432 si
542 368 680 432 multum
703 367 826 432 habens
851 368 988 453 amplius
1002 367 1055 433 de·

54 454 170 520 rideret.
232 455 275 520 41
300 477 411 541 quam
434 456 466 520 si
488 455 711 542 Mygdoniis
734 476 896 542 regnum
918 455 1055 542 Alyat-

51 545 96 608 tei
117 545 263 630 campis
286 545 522 610 continuem:
554 565 652 629 quam
675 545 702 610 si
724 543 909 631 Mygdoniis
932 546 1054 630 campis

52 632 1082 788 ¹⁶³¹¹u¹¹²s²i¹tistiisi⁰e¹¹ffitt¹1⁶¹itaiiiffliutttffliit?

52 745 165 876 sCarrouelisi.
230 811 274 875 43
311 773 502 876 bene'est
537 811 597 877 cui
634 811 726 876 deus
763 743 908 876 obizulit
938 746 1056 897 piirca

52 899 143 982 quod
175 899 272 964 satis
304 901 363 964 est
393 921 515 966 mann.
565 899 820 966 subaudiendum
852 900 905 965 hie
937 901 1055 966 extrin-

53 1009 136 1052 secus
158 1009 338 1072 pronomen
360 987 447 1072 quod
471 992 520 1054 est
543 987 605 1073 ‘ei',
627 991 665 1052 ut
687 988 741 1054 ait:
764 989 847 1053 bene
870 992 920 1054 est
942 990 981 1074 ei,
1003 990 1055 1054 cui

52 1075 122 1140 deus
145 1077 263 1142 obtulit
283 1099 383 1161 parca
405 1077 491 1161 quod
515 1077 592 1142 satis
616 1081 666 1142 est
687 1099 795 1143 manu.
1069 1119 1096 1160 ω

458 1216 530 1271 ODE
550 1224 576 1284 3,
598 1223 640 1272 17.

128 1325 215 1390 Aeli
247 1328 404 1391 uetusto
430 1327 577 1391 nobilis
606 1327 651 1390 ab
674 1325 798 1392 Lamo.
843 1323 972 1389 Aelium
994 1322 1053 1388 La·

51 1413 141 1478 niam
177 1413 362 1498 adloquitur
397 1419 588 1482 senatorem.
642 1415 809 1480 Aeliorum
844 1413 1003 1478 familiam
1035 1435 1054 1477 a

52 1495 143 1568 L'amo
165 1501 368 1568 Formiarum
394 1524 470 1590 rege
498 1505 576 1569 oriri
599 1505 749 1569 adfirmat
771 1508 804 1568 et
825 1503 900 1568 inde
922 1501 1055 1566 Lamiae

53 1611 224 1674 cognomen
236 1591 289 1656 his
304 1591 495 1657 adhaesisse.
553 1593 775 1658 4memores
799 1612 919 1676 genus
943 1611 1053 1655 omne
1068 1613 1094 1654 rs

52 1679 180 1764 fastus,
204 1680 327 1745 scilieet
349 1681 405 1765 qui
427 1681 616 1746 memoriam
639 1684 781 1745 ueterem
803 1682 974 1745 testantur.

53 1769 70 1830 6
96 1769 158 1852 qui
180 1767 422 1834 Formiarum
454 1771 606 1835 moenia
637 1769 733 1835 dicit
718 1773 781 1834 tur
811 1769 993 1852 princeps
1017 1769 1055 1832 et

49 1856 242 1922 innantem
283 1857 450 1923 Maricae
490 1857 676 1924 litoribus
716 1858 890 1922 tenuisse
926 1854 1054 1920 Lirim.

49 1943 204 2010 Formiani
233 1946 433 2031 potentiores
464 1946 617 2012 uidentur
646 1947 746 2012 fuisse
771 1943 1054 2020 Minturnensibus

51 2037 79 2096 et
110 2057 221 2101 eorum
258 2055 355 2120 agros
391 2035 548 2121 tenuisse,
584 2036 637 2102 aba?
658 2035 742 2099 Liris
773 2033 846 2098 fluit
872 2055 910 2098 ac
932 2030 1055 2096 Marica
1068 2067 1094 2108 20

49 2123 185 2208 nympha
208 2124 271 2189 coli
295 2123 424 2188 dicitur·
417 2085 584 2210 ,ideoqire
608 2124 779 2207 tyrannus
802 2120 879 2186 late’
903 2120 989 2206 quod
1012 2121 1054 2186 ad

52 2209 143 2276 lirim
164 2235 267 2298 usque
290 2233 428 2298 regnum
442 2235 535 2279 suum
550 2211 739 2278 extenderit.
792 2214 836 2276 et
851 2211 1054 2275 innantem

50 2297 205 2366 Maricae
228 2301 276 2365 lit
262 2301 452 2367 toribust
437 2303 610 2368 tenuisse
633 2300 759 2366 Lirim.
805 2298 887 2364 Liris
909 2321 967 2385 per
989 2320 1054 2364 me·

50 2387 126 2453 diam
154 2390 268 2454 urbem
297 2388 571 2456 Minturnensium
602 2391 735 2474 labitur,
766 2387 922 2454 Maricam
944 2392 1053 2452 antem

52 2475 283 2543 Minturnenses
310 2480 481 2564 praecipue
505 2480 630 2564 colunt,
661 2479 752 2544 cuius
784 2477 881 2542 etiam
903 2478 995 2542 lucus
1018 2477 1054 2541 in
1067 2509 1093 2551 ιι

50 2566 113 2649 ipsa
125 2565 400 2632 Minturnensium
423 2569 546 2634 mactate
568 2571 626 2634 est
696 2567 738 2632 12
762 2568 911 2631 sternet
934 2587 1054 2650 aquae

49 2655 119 2721 nisi
148 2655 257 2720 fallit
289 2677 410 2742 augur
442 2679 589 2723 annosa
611 2657 753 2722 cornix.
799 2657 833 2719 et
853 2653 1054 2740 Uergilius

53 2743 121 2808 dicit
143 2745 287 2810 cornices
309 2745 438 2829 pluuias
461 2745 650 2812 inminentis
672 2764 847 2830 praesagas
870 2763 952 2827 esse,
980 2762 1054 2806 oum

51 2832 89 2896 ait
118 2831 211 2898 Turn
243 2834 378 2899 cornix
404 2835 520 2918 plena
541 2835 714 2919 pluuiam
746 2834 861 2897 uocat
889 2830 1055 2917 inproba

52 2943 142 2987 noce.
188 2943 344 3008 augurem
376 2944 453 3009 ergo
483 2946 543 3008 pro
566 2943 725 3008 praesaga
748 2924 781 2986 et
803 2920 914 2985 diuina
936 2920 1054 3006 posuit.
1068 2954 1096 2996 ιο

52 3030 197 3076 annosam
219 3032 298 3076 uero
322 3012 381 3096 ait,
413 3013 566 3096 quoniam
589 3013 677 3077 mille
701 3031 804 3075 annos
827 3009 936 3074 uiuere
960 3009 1053 3074 adfir-

111 3155 143 3204 ιι
162 3147 300 3220 aeorg,
277 3157 290 3204 1
319 3157 380 3206 aas.

111 3280 126 3328 3
152 3275 220 3344 hely
221 3275 287 3329 attu
306 3275 345 3328 M
431 3281 449 3330 4
476 3276 592 3330 atterum
615 3290 722 3345 camprs
735 3279 800 3344 post
817 3272 940 3342 halyattr
959 3273 1037 3331 Μ,

53 3293 220 3414 tyhalyattr
213 3351 239 3400 et
255 3345 401 3416 halyattus
421 3347 459 3400 M
521 3352 553 3400 13
572 3347 747 3401 saenatorem
767 3345 805 3398 M
869 3350 902 3399 16
915 3345 1055 3400 testantur

53 3432 76 3480 ςε
91 3415 200 3471 ιιιιιιιιι
215 3417 260 3485 Μ,
278 3418 336 3471 test
337 3418 454 3486 enturg
515 3423 549 3472 20
563 3433 631 3487 agro
647 3417 686 3471 M
735 3415 785 3470 ubi
804 3415 904 3470 Macci
921 3420 947 3469 et
964 3415 1053 3472 fluit..

53 3485 97 3540 coli
116 3487 218 3542 dicitur
240 3489 354 3558 scripsi:
385 3436 483 3544 ιιιιις..
503 3487 662 3557 colligitur
682 3488 720 3540 M
807 3491 841 3538 22
859 3484 943 3538 hrum
963 3486 1002 3538 M

54 3561 79 3610 ιι
102 3557 184 3628 lynm
203 3559 241 3612 M
338 3565 373 3614 24
399 3560 497 3614 urbem
520 3559 618 3613 urbem
637 3559 676 3610 M
768 3562 802 3610 28
829 3555 996 3608 inminentes
1017 3554 1055 3606 M

125 3636 157 3684 29
175 3631 306 3700 mprobe,
328 3646 384 3685 aa.
404 3630 486 3699 ι,Μ
574 3635 608 3682 30
627 3630 656 3682 et
675 3627 782 3696 Pauly:
800 3625 871 3678 tM
