2416 3934
147 111 190 176 22
517 109 588 166 ODE
607 109 628 176 Ι,
648 114 680 164 16
699 110 728 166 et
748 114 790 164 17.

147 276 217 362 quit
239 273 406 356 iracundia
429 273 535 340 calore
557 273 709 338 inuentae
732 271 838 356 magis
857 291 993 338 accensa
1010 272 1165 344 incitavit

146 365 181 430 in
210 363 344 430 iambos.
388 362 489 428 iambi
520 365 628 427 autem
663 383 776 427 uersus
808 360 968 445 aptissimi
999 359 1167 428 habentur

147 454 189 518 ad
216 452 481 517 maledicendum
528 451 665 535 denique
695 454 728 515 et
751 447 928 533 Catullus
960 469 1034 514 cum
1062 453 1168 516 male·

147 543 234 607 dicta
265 541 444 606 minaretur
475 539 521 604 sic
553 539 612 604 ait:
654 539 704 604 At
740 561 816 604 non
852 537 1021 623 effugies
1057 562 1167 606 meos

119 631 306 695 siambos.
396 630 438 694 27
471 629 546 694 fias
577 629 792 694 recantatis
825 628 955 692 amica.
1000 631 1167 694 recautari

145 720 266 804 probra
289 720 454 801 dicuntur,
477 739 550 782 cum
572 718 735 784 contraria
757 716 886 802 probris
910 717 1054 782 carmina
1077 718 1168 783 fiunt

145 809 182 873 in
204 831 286 892 eum,
310 808 362 872 cui
383 805 595 872 maledixeris.

564 998 636 1055 oon
658 1006 681 1069 1,
702 1004 744 1056 ιτ.

233 1108 356 1176 Uelox
379 1131 577 1176 amoenum
600 1129 714 1194 saepe
737 1107 981 1174 Lucretilem.
1022 1112 1056 1176 et
1079 1110 1167 1176 haec

106 1224 132 1266 ro
146 1200 206 1267 ode
230 1199 271 1264 ad
294 1198 503 1284 Tyndariden
524 1197 685 1282 scribitur,
716 1198 768 1266 cui
790 1199 885 1282 plene
908 1197 1042 1280 cupiens
1065 1202 1167 1266 satis-

145 1291 252 1356 facere
274 1292 372 1374 poeta
394 1288 514 1354 inuitat
536 1309 607 1352 eam
628 1286 665 1354 in
694 1286 832 1354 fundum
860 1308 970 1370 suum,
999 1309 1101 1372 quem
1133 1291 1169 1354 in

146 1377 275 1446 Sabinis
298 1377 451 1444 habebat
520 1379 537 1442 1
562 1378 676 1444 uelox
699 1398 899 1458 amoenum
922 1397 1036 1460 saepe
1059 1375 1098 1444 L.
1123 1401 1168 1443 m.

144 1468 169 1533 f.
194 1469 215 1533 i.
241 1467 264 1532 f.
310 1488 349 1534 ea
380 1467 486 1552 figura
516 1465 579 1530 hoc
610 1465 733 1532 dictum
765 1469 833 1550 est,
866 1486 930 1549 qna
961 1463 1043 1532 illud
1075 1469 1169 1551 apud

128 1555 377 1642 ''Uergiliumz
401 1553 613 1622 Chaoniam
635 1553 773 1640 pingui
796 1555 975 1640 glandem
992 1558 1171 1622 mutauit

105 1646 420 1728 isaristc31ensus
439 1647 490 1708 est
507 1644 603 1710 alter:
626 1643 739 1710 relicto
753 1642 880 1730 Lycaeo
898 1646 1010 1710 monte
1027 1641 1169 1712 Faunus

144 1735 181 1798 in
198 1731 393 1798 Lucretilem
409 1733 510 1800 uenit.
544 1731 714 1800 Lueretilis
731 1737 841 1802 autem
859 1754 954 1800 mons
976 1732 1012 1800 in
1030 1730 1170 1803 Sabinis

146 1827 205 1888 est.
289 1823 310 1890 3
343 1821 520 1888 defendit
551 1825 748 1888 aestatem.
793 1823 840 1892 ita
872 1822 994 1890 dictum
1026 1825 1079 1888 est
1115 1830 1169 1891 ut:

145 1910 369 1980 Solstitium
404 1911 536 1997 pecori
572 1910 790 1996 defendite3
831 1912 995 1998 siguificat
1035 1915 1168 1979 autem:

144 2001 323 2085 prohibete.
391 2001 579 2068 ‘lolentis
602 2022 740 2068 uxores
762 2001 902 2068 mariti.
947 2005 1086 2068 uenuste
1114 2025 1171 2068 ca-

104 2112 131 2152 ro
143 2111 219 2174 pras
243 2088 322 2155 dicit
347 2111 463 2158 uxores
491 2090 608 2157 olentis
635 2089 758 2174 mariti,
787 2091 866 2175 quia
896 2088 991 2173 hirei,
1020 2111 1169 2174 quorum

143 2199 260 2244 uxores
284 2179 370 2260 sunt,
392 2179 476 2245 male
495 2180 585 2246 olent
602 2177 636 2261 id
654 2181 705 2245 est
730 2179 863 2246 faetent.
913 2179 1058 2244 olentis
1083 2201 1170 2267 ergo

144 2287 212 2330 non
230 2264 419 2350 simpliciter
436 2265 660 2352 accipiendum
675 2267 736 2334 sed
754 2290 814 2352 pro
838 2267 998 2354 ‘grauiter
1015 2268 1170 2356 olentis',

144 2358 182 2418 nt
204 2353 284 2420 illud
306 2357 371 2420 est:
403 2353 493 2420 Alia
516 2355 803 2441 serpyllumque
826 2357 965 2424 herbas
995 2361 1170 2424 contun-

145 2443 202 2511 dit
229 2443 389 2508 olentes.
437 2441 585 2524 [Subtilis
608 2447 642 2512 et
663 2447 784 2528 tenuis]
812 2443 944 2531 λιτότης
966 2447 1170 2532 θε1σχῆμα,

105 2554 132 2596 as
146 2553 220 2598 oum
241 2531 350 2599 minus
374 2531 503 2618 dicitur,
530 2534 604 2618 plus
626 2534 841 2621 intellegitur,
868 2557 906 2601 ac
926 2536 958 2602 si
978 2535 1068 2601 dicas
1091 2557 1171 2602 non

142 2623 310 2690 indoctum
345 2621 512 2690 homiuem
550 2643 646 2707 quem
682 2624 763 2690 uelis
795 2624 983 2711 intellegere
1011 2624 1169 2692 doctissi-

143 2733 241 2780 mum.
313 2711 431 2779 9uec
457 2709 652 2779 Martialis
682 2705 887 2780 haediliae.
933 2713 1044 2782 ethic
1079 2711 1169 2780 ‘me-

142 2800 256 2868 tuunt'
289 2800 503 2885 audiendum,
540 2801 616 2886 quia
645 2803 693 2870 sic
721 2824 754 2868 se
786 2803 887 2872 habet
918 2824 1050 2886 mnsus,
1084 2801 1170 2870 ‘neo

143 2889 293 2959 colubras
315 2892 465 2956 metuunt
487 2889 645 2956 haediliae
668 2913 728 2956 nec
751 2891 871 2977 lupos',
893 2913 975 2977 quos
997 2889 1170 2958 Martia·

214 3079 310 3134 4011.
329 3079 400 3149 frag.
421 3087 435 3134 1
457 3080 499 3148 (L.
518 3081 629 3153 Miller)
709 3089 742 3137 14
761 3083 861 3155 Georg.
883 3091 906 3153 1,
926 3091 942 3140 8
1021 3090 1054 3140 18
1073 3084 1170 3156 Verg.

139 3152 208 3206 Buo.
228 3157 252 3220 7,
271 3157 306 3204 4⁷
378 3157 412 3205 23
432 3150 514 3222 Verg.
533 3151 599 3208 Bne.
619 3159 643 3223 2,
665 3159 697 3209 11

215 3327 423 3400 11ubentpM
484 3329 649 3388 orhantan
666 3332 757 3402 proba
775 3333 813 3386 M
873 3332 965 3390 acui:
985 3349 1050 3392 cum
1069 3334 1109 3388 M

142 3404 177 3454 ‘12
195 3398 231 3453 L:
251 3415 262 3452 1
280 3397 319 3452 M
378 3404 410 3454 15
430 3397 513 3456 aliter
533 3400 627 3474 Pauly
693 3402 773 3486 lyceo
793 3403 832 3458 M
885 3409 918 3458 18
937 3403 1104 3462 solistimum
1126 3407 1172 3462 M

215 3476 248 3524 19
267 3485 355 3524 uanus
375 3469 414 3524 M
478 3475 514 3525 24
532 3477 596 3528 uate
614 3473 726 3528 subtilis
745 3475 841 3530 teranto
861 3474 929 3530 ‘nec
947 3475 1095 3534 metuunt'
1116 3479 1170 3531 uel

141 3537 276 3624 ‘uiridis'
291 3545 419 3608 pensam
436 3555 487 3595 eros
507 3541 634 3598 ‘subtilis
649 3545 678 3599 et
691 3544 798 3600 tenuis’
814 3545 1067 3615 interpretationem
1079 3549 1170 3604 acroi

138 3613 252 3680 λιτοτης
270 3610 419 3667 dalmianus
435 3611 471 3678 cf.
491 3613 566 3680 epod.
585 3619 629 3681 10,
648 3620 668 3670 2
741 3621 775 3672 27
795 3621 820 3672 et
838 3623 872 3672 29
892 3615 1013 3673 aaddrss
1033 3619 1073 3672 Μ
