2426 3934
189 131 255 197 298
488 133 669 189 EPISTULA
686 135 706 202 Ι,
728 140 769 204 18,
788 140 902 189 er-sn

190 295 319 380 populo.
387 296 428 360 37
454 317 635 361 areanum
657 318 779 382 neque
802 301 843 361 tu
867 319 890 362 s.
910 297 999 361 bene.
1027 297 1185 362 moxenim

190 385 276 448 dieet
298 384 440 448 eiusdem
463 406 533 449 esse
556 385 690 469 prodere
714 386 895 470 commissa,
917 386 1007 450 cuius
1031 388 1065 449 et
1087 406 1186 448 aream

189 473 373 556 perquirere
396 494 434 537 ae
458 474 539 537 seire
566 474 657 538 uelle.
727 474 769 538 38
812 478 849 538 et
879 474 971 539 uino
1007 477 1132 538 tortus
1160 479 1188 536 el

190 562 262 645 ira,
294 561 371 645 quia
397 561 511 626 uinum
534 565 568 626 et
589 562 638 626 ira
660 565 824 627 tormenta
847 566 937 646 sunt,
973 562 1092 647 quibus
1114 563 1188 623 multi

163 651 289 714 ⁵etiam
312 650 409 714 inuiti
432 654 556 714 secreta
577 651 740 714 fuderunt.
798 651 840 716 39
863 672 933 716 nee
955 654 1023 715 tua
1048 650 1127 734 [qui]
1143 650 1188 712 hor

191 738 307 804 uitium
329 739 503 803 iactantiae
526 743 585 804 est.
617 740 746 804 aliena
768 740 988 823 reprendes.
1011 739 1128 804 uitium
1149 739 1188 800 ob-

191 828 375 891 treetatoris
399 831 457 892 est.
523 828 568 892 40
599 849 668 892 neo
695 849 778 892 eum
806 828 942 894 uenari
964 829 1039 893 uol.
1064 827 1188 892 odiosus

191 913 278 978 enirn
309 915 390 980 feeit
417 917 637 1000 inportunitas
668 917 848 982 uoluntatis
879 920 913 981 et
943 916 1115 981 diuersitas
1141 921 1188 978 stu-

192 1001 327 1067 diorum.
394 1004 437 1068 41
468 1006 596 1090 gratia
626 1005 680 1070 sio
701 1005 877 1070 fratrum.
923 1005 1001 1070 dum
1026 1006 1109 1070 alter
1130 1004 1188 1066 alle-

151 1107 177 1147 10
191 1111 264 1154 rum
296 1093 440 1176 sequitur
471 1093 623 1158 studium.
669 1094 755 1178 quod
787 1095 815 1158 si
837 1095 977 1158 fratrum
1005 1096 1039 1157 et
1067 1092 1188 1178 gemino·

191 1201 264 1243 rum
287 1182 393 1265 gratia
407 1182 452 1246 sie
467 1181 615 1266 dissiluit,
629 1183 706 1266 quid
719 1187 753 1246 te
766 1182 914 1248 futurum
928 1186 986 1265 est,
995 1181 1188 1256 adsectator}

280 1270 325 1334 42
366 1271 486 1335 donee
532 1274 713 1355 suspecta
749 1293 894 1337 seuero.
955 1270 1096 1335 Zethum
1130 1269 1188 1331 dicit

192 1378 318 1422 osorem
342 1360 442 1442 lyrae.
486 1361 516 1424 si
537 1359 696 1442 Amphion
718 1359 737 1396 l
756 1358 775 1396 ⁴*
799 1361 884 1443 lyrae
906 1360 1114 1444 studiumque
1134 1379 1188 1440 pro·

192 1445 283 1530 ieoit,
312 1449 404 1511 tanto
433 1449 538 1532 magis
570 1452 603 1512 te
626 1449 779 1513 conuenit
801 1450 922 1534 potiori
946 1449 1052 1514 amieo
1076 1467 1188 1512 consen·

153 1549 179 1591 1⁵
192 1534 255 1598 tire
278 1539 375 1618 atque
397 1537 478 1600 idern
501 1537 592 1602 uelle.
659 1537 703 1601 45
733 1537 888 1602 lenibus
910 1536 1089 1621 imperiis
1112 1555 1188 1618 quau

192 1619 423 1706 πειθανάγκην
446 1622 561 1688 Graeci
583 1627 716 1709 uocant,
744 1647 817 1689 eum
841 1626 897 1709 qui
919 1628 1032 1710 potest
1054 1625 1188 1706 imperare

192 1710 365 1775 blanditur.
433 1711 477 1776 45
512 1712 674 1795 quoties.
720 1714 862 1797 quoties,
894 1714 1015 1798 inquit,
1048 1709 1188 1798 paraueril

192 1799 238 1862 ire
261 1803 425 1865 uenatum.
484 1801 526 1865 46
551 1798 768 1883 Calydonium
791 1824 906 1886 aprum
928 1801 1052 1866 nobilis
1075 1803 1188 1876 uenator

194 1889 332 1972 exeepit3
355 1889 431 1954 inde
445 1909 523 1974 ergo
538 1889 706 1973 epitheton
725 1890 803 1956 feeit
816 1889 982 1974 Horatiae,
1006 1895 1045 1955 ut
1058 1883 1188 1953 Aetolil

153 1993 180 2032 2⁰
193 1978 315 2042 retibus
340 1977 396 2042 ‘ad
411 1999 507 2062 apros
524 1977 637 2043 faetis’
660 1978 898 2064 intellegamus.
959 1979 1009 2044 47
1036 1997 1142 2061 surge
1161 1983 1187 2038 el

192 2064 423 2132 inhumanae
457 2067 612 2132 senium.
658 2067 893 2132 inhumanae
925 2066 1113 2133 Camenae
1138 2085 1183 2126 1101

193 2157 242 2216 est
263 2152 454 2236 perpetuum
482 2157 665 2241 epitheton,
697 2156 753 2220 sed
782 2157 958 2220 inhumane
991 2177 1067 2220 eum
1096 2081 1187 2236 aspieil

192 2240 257 2303 iam
297 2241 404 2306 laedit.
490 2246 532 2309 48
578 2245 780 2328 pulmenta
824 2246 1035 2310 laboribus·
1076 2245 1186 2324 empta

193 2328 335 2392 suauiter
364 2331 526 2416 signifieat
555 2335 644 2398 eibos
673 2336 706 2397 et
727 2333 881 2416 praedam
905 2355 943 2398 ex
965 2336 1097 2399 uenatu.
1157 2325 1186 2415 h(

153 2416 375 2484 2⁵Romanis
412 2421 591 2488 solemne.
650 2422 691 2486 ab
727 2421 866 2487 honesto
908 2423 980 2487 uult
1016 2418 1185 2506 persuadere

192 2507 336 2574 laborem
353 2511 539 2575 uenatieum
557 2533 625 2576 uon
644 2511 895 2576 detrectandum.
963 2511 1008 2575 50
1030 2510 1185 2588 uitaequl

193 2598 230 2658 et
251 2599 440 2665 membris.
486 2599 548 2665 hoo
571 2600 611 2675 ab
634 2600 708 2664 utili
727 2603 893 2684 sumptum
907 2602 970 2684 est.
1035 2599 1079 2664 50
1099 2579 1185 2691 prael

193 2687 326 2752 sertim
349 2710 432 2753 eum
454 2688 598 2755 ualeas:
622 2711 642 2752 a
664 2689 820 2772 possibili.
888 2689 932 2755 52
956 2688 1051 2753 adde
1077 2683 1184 2750 uirilis

193 2774 292 2853 quod
325 2777 550 2860 speciosius.
598 2777 651 2842 hie
683 2777 827 2842 ostendit
858 2780 951 2860 turpe
982 2798 1054 2842 esse
1085 2785 1184 2888 cesserp

196 2937 318 2948 ------„
326 2943 337 2948 ,

1182 2961 1183 2970 l

265 3003 281 3050 ὅ
300 3000 387 3056 etiam
404 3022 468 3060 uos:
487 3021 563 3061 emm
582 3005 620 3058 M
662 3007 753 3060 muita
772 3005 810 3058 M
853 3021 902 3073 qur
920 3003 1010 3059 delevi
1028 3004 1065 3071 of.
1082 3000 1116 3054 E.
1133 2997 1179 3060 271

193 3071 247 3148 139
302 3071 826 3132 eiectanuaeessaos:1aoentems
849 3075 886 3130 Μ
938 3072 1114 3144 reprehendis
1132 3066 1162 3120 M

193 3139 422 3200 u1t1um=u1num
441 3149 480 3202 M
533 3153 660 3204 luener.
680 3164 705 3202 a.
725 3147 764 3201 M
815 3147 986 3203 halterumz
1005 3147 1096 3200 utrum
1114 3139 1147 3194 M
1158 3129 1182 3202 lh

194 3204 552 3285 E·2‚1‚59.1,1e,61
610 3226 643 3274 10
662 3235 808 3288 gemorum
827 3218 864 3273 M
932 3224 963 3270 11
984 3215 1080 3285 quot.
1095 3256 1100 3266 .
1118 3227 1142 3292 es

257 3283 298 3362 ΙῙῼ
317 3281 432 3340 beatum
451 3289 537 3343 dre1to
561 3305 684 3344 sororem
704 3289 742 3342 M
808 3287 1017 3360 14pot101M
1081 3290 1110 3338 15
1126 3279 1163 3334 rde

194 3345 300 3412 addida
320 3353 406 3420 atque
424 3357 499 3411 seue
519 3358 644 3412 ‘renisu
664 3365 710 3415 ee.
729 3359 859 3414 flauas
932 3365 964 3414 1s
992 3347 1166 3418 ureuutcll

196 3411 234 3462 M
285 3423 416 3501 euinqui
433 3443 498 3481 noe:
525 3427 657 3496 quicum
676 3429 727 3494 M;
754 3431 820 3498 post
839 3430 877 3483 M
937 3434 971 3482 22
991 3427 1041 3482 sed
1057 3425 1119 3480 inhu

194 3492 259 3530 eum
277 3490 391 3557 ΨΜ,
410 3495 460 3560 qui
478 3513 541 3550 eam
558 3497 648 3554 laedit
666 3517 684 3566 ς
738 3505 774 3552 24
792 3515 869 3554 cruos
888 3498 1056 3568 expraedam
1074 3505 1160 3550 exseua

195 3544 249 3664 igi
270 3552 307 3668 ᾗ
328 3571 391 3622 ποθ,
424 3578 486 3618 esse
506 3565 612 3632 cluam·
644 3571 748 3624 uenatu
766 3585 816 3623 uos
887 3574 921 3624 25
948 3568 1063 3622 honeste
1083 3564 1117 3620 M
