2416 3934
319 195 321 200 ,
386 139 458 194 ODE
478 140 500 208 I,
518 144 552 193 23
573 141 602 193 et
620 144 663 192 24.
990 137 1033 204 29

407 361 409 368 ,
435 299 508 356 oou
528 306 553 370 1,
572 305 615 355 23.

116 409 223 474 [litut
244 409 379 476 inuleo
402 431 459 474 me
483 409 625 475 similis
648 407 776 475 Chloe.
810 409 893 474 hoec
916 408 977 474 ode
1000 409 1035 473 in

45 501 162 585 puellum
189 499 404 584 refugientem
431 503 554 564 tactum
582 497 645 562 uiri
673 497 794 580 scriptu
817 501 875 562 est.
920 518 1036 563 sensus

45 593 81 655 est
107 591 224 653 eutem:
256 585 357 654 Chloe
390 609 442 653 me
474 588 558 652 uitet
589 590 686 671 atque
718 587 811 651 timet
838 589 876 651 ut
901 586 1036 671 hiulcus,

44 680 85 762 qui
102 677 196 742 malni
218 676 391 742 aberrauit.
464 676 485 741 5
513 697 600 740 nam
628 696 693 740 seu
720 675 931 740 mobilibus
959 697 989 739 u.
1016 676 1064 740 is

43 791 63 830 a.
80 767 99 830 f.
139 759 314 850 ὑπαλλαγὴ
345 769 396 831 est
429 787 488 849 pro
525 763 626 830 ‘ueris
661 764 804 830 aduentu
833 764 914 829 folia
941 769 1037 829 enata

42 854 269 921 inhormerunt'
292 855 325 921 id
348 859 411 920 est:
435 857 597 919 commotu
621 855 697 917 sunt
719 875 757 918 ac
778 857 988 918 tromuenmt.

43 948 139 1008 tseu
168 944 316 1009 uirides
348 966 373 1008 r.
402 943 431 1008 d.
463 944 484 1007 l.
542 943 643 1007 rubus
678 945 785 1008 sentes
820 946 897 1007 sunt
927 963 1037 1007 morae

43 1036 177 1118 agrestes.
220 1033 267 1098 sic
290 1031 428 1117 denique
451 1036 484 1097 et
507 1053 526 1096 a
549 1031 678 1096 rusticis
700 1031 861 1117 hodieque
884 1031 918 1095 in
940 1029 1036 1096 Italic

42 1123 237 1205 appellantur.
283 1123 304 1186 9
323 1122 432 1208 utqui
450 1143 528 1186 non
547 1141 618 1206 ego
634 1122 671 1184 te
692 1120 812 1206 tigris
831 1123 873 1184 ut
891 1141 1036 1203 aspera.
1052 1141 1078 1180 ιο

43 1233 136 1276 sensus
160 1214 226 1276 cst:
250 1214 452 1276 nontamen
474 1211 522 1275 itu
544 1215 581 1274 tu
603 1209 717 1274 timore
739 1209 802 1275 hoc
820 1206 921 1274 Chloe
940 1207 1036 1274 debes

42 1305 68 1363 ut
89 1301 228 1384 impleus,
258 1300 333 1384 quic
360 1299 415 1364 ille
442 1299 620 1383 periculum
649 1298 735 1362 uitae
759 1320 779 1362 a
801 1296 918 1382 tigride
941 1297 1037 1362 uela

41 1390 113 1454 leone
137 1390 251 1473 timet,
282 1409 343 1474 ego
371 1392 404 1453 te
432 1390 541 1454 autem
567 1408 634 1452 non
662 1409 701 1452 ce
727 1390 834 1451 mente
861 1407 1038 1470 persequor

41 1481 66 1541 ut
83 1479 260 1561 obsumum,
283 1478 340 1543 sed
362 1481 400 1542 ut
423 1478 614 1562 amploctur3
639 1497 737 1559 quare
759 1496 828 1540 non
849 1479 887 1540 ut
904 1475 967 1558 illc,
989 1475 1037 1538 ita

41 1569 65 1630 tu
85 1569 223 1632 matrem
252 1566 356 1632 adhuc
385 1565 482 1632 debes
511 1565 614 1650 sequi,
642 1586 714 1629 cum
738 1565 781 1630 sis
804 1562 838 1629 id
862 1565 978 1628 aetatis
1001 1567 1038 1627 ut
1052 1585 1077 1626 15

40 1657 124 1720 uirum
146 1657 234 1722 ferre
257 1657 373 1740 possis.

442 1741 514 1795 oon
536 1747 560 1809 1,
580 1747 623 1795 24.

110 1851 205 1928 Quis
229 1851 424 1916 desiderio
448 1850 500 1915 sit
527 1873 558 1934 p.
587 1873 614 1915 a.
638 1873 679 1914 m.
701 1853 726 1914 t.
750 1871 776 1914 c.
799 1871 824 1913 c.
848 1871 879 1933 p.
901 1849 922 1912 l.
958 1849 1038 1914 haec

41 1941 85 2005 cle
108 1941 248 2027 θρῆνον
275 1942 422 2006 continet
447 1939 483 2004 in
506 1938 699 2016 Quintilium
727 1938 870 2003 sodalem
892 1935 1038 2022 Uergilii.

43 2052 135 2096 sensus
156 2034 271 2094 eutem
290 2032 354 2094 est:
373 2028 414 2093 do
431 2028 513 2093 mihi
529 2031 703 2113 praecepta
721 2026 882 2111 carminis,
901 2024 1039 2109 oMuso,
1053 2049 1078 2088 eo

9 2159 10 2164 κ
41 2121 66 2180 ut
88 2119 274 2204 ostendam,
302 2119 373 2202 quis
400 2118 515 2182 modus
538 2116 687 2182 desiderii
710 2137 780 2180 osse
803 2114 920 2179 debeat
941 2116 1038 2179 curis-

9 2257 11 2276 ι
41 2209 97 2271 simi
117 2208 227 2272 amici.
314 2208 335 2272 5
363 2227 454 2292 ergo
483 2205 716 2282 Quintilium
742 2208 956 2289 perpetuus
980 2227 1038 2269 so-

40 2318 92 2377 por
107 2319 138 2361 u.
157 2297 328 2382 eleganter
346 2299 379 2360 et
396 2296 522 2379 poetice
540 2317 600 2379 pro
614 2297 719 2360 morte
733 2293 821 2360 dicit.
881 2293 898 2357 7
919 2294 1038 2358 nuda·
1120 2305 1124 2311 ’

9 2411 10 2416 ’
41 2407 95 2468 que
121 2387 283 2451 ueritas.
328 2385 450 2450 bonum
478 2383 635 2449 ἐπίθετον
662 2382 810 2448 ueritatis
833 2382 936 2448 nuda
957 2382 1040 2466 ideo,

42 2476 99 2556 quia
133 2475 220 2540 nihil
257 2475 396 2539 occultet
432 2495 470 2538 ac
506 2473 598 2540 celet.
679 2473 698 2537 8
727 2471 878 2556 quando
911 2472 1079 2536 ullumss

42 2567 118 2627 acuta
146 2564 259 2648 priore
289 2566 339 2628 est
371 2562 496 2648 syllaba
529 2560 692 2646 ‘quando'
724 2559 972 2644 enuntiandum,
1003 2563 1040 2624 ut

42 2652 94 2716 uim
113 2651 537 2738 interrogatum-habeat,
607 2653 647 2715 11
671 2654 712 2714 tu
734 2650 883 2714 frustra
905 2671 937 2733 p.
959 2649 991 2712 h.
1009 2671 1040 2712 u.

42 2740 145 2808 frustra
173 2741 330 2827 reposcis,
356 2741 476 2826 inquit,
505 2739 697 2816 Quintilium
725 2761 792 2804 non
815 2736 960 2802 subhac
983 2759 1039 2822 spe

42 2829 90 2894 illis
111 2829 383 2896 commendatum.
430 2833 462 2894 et
492 2828 680 2893 creditum
701 2849 762 2911 pro
786 2826 972 2910 commisso,
1003 2831 1041 2891 ut

44 2939 136 3004 supra:
173 2917 310 3003 Nauis,
338 2940 433 3004 quae
460 2919 534 2983 tibi
557 2917 744 2983 creditum
767 2915 881 2981 debes
904 2913 1040 3002 Uergi·
1055 2941 1081 2982 co

45 3007 128 3074 lium.
214 3007 255 3073 15
278 3030 366 3072 num
388 3028 510 3072 uanae
533 3006 665 3072 redeat
689 3005 847 3091 sanguis
870 3005 1040 3091 imagini.

100 3202 287 3271 mmet

101 3369 152 3416 ou
170 3364 294 3430 mutreq
346 3359 497 3415 monilibus
512 3360 550 3413 M
603 3361 732 3414 tenuta:
752 3361 862 3428 motu
916 3364 1042 3414 8morue

9 3431 172 3488 iuuencum
189 3433 302 3488 uidetur
379 3431 737 3500 1oodqu1,1ececorr.,
757 3430 795 3483 M
875 3436 907 3483 11
927 3428 1042 3482 deberes

50 3501 76 3555 M
135 3511 169 3560 12
188 3504 326 3574 penclum
345 3503 384 3558 M
449 3509 483 3556 22
501 3517 581 3572 perp.
601 3518 673 3570 sop.:
692 3519 720 3570 p.
740 3518 762 3554 s.
783 3501 821 3553 M
886 3503 919 3551 25
938 3498 1041 3551 ullum:

50 3575 107 3628 cM
176 3582 209 3631 26
227 3577 349 3646 pnorest
367 3575 478 3645 syllaba
498 3573 535 3628 M
603 3574 669 3626 utut
688 3571 726 3625 M
796 3575 830 3623 ³0
849 3583 932 3638 quem
952 3567 991 3619 M

52 3647 74 3696 31
90 3647 252 3703 numudcnoe
274 3647 311 3702 M
