2378 3934
165 135 233 200 234
499 135 623 192 saeuo
642 137 664 205 1,
682 142 708 205 c,
726 141 842 192 so-m.

167 299 350 380 [felices].
395 298 450 364 ille
471 298 625 364 molestus
653 298 715 363 hoc
738 297 825 362 dicit
885 299 955 364 ·28
983 320 1078 364 nunc
1100 322 1164 386 ego

166 392 280 454 resto.
311 388 374 452 hoc
396 386 550 452 Horatius
573 387 691 451 tacitus
715 387 803 471 apud
826 408 860 450 se
884 386 971 451 dicit.
1003 387 1167 454 citantem

167 499 201 542 se
225 497 401 560 superesse,
423 496 518 558 quem
540 475 594 539 ille
618 475 746 542 occidat
766 497 826 560 per
842 476 1052 560 inportunam
1065 496 1167 562 garru-

167 566 301 632 litatem.
348 565 411 630 ·29
435 563 585 629 confice
607 585 771 648 namque
793 565 920 628 instat
940 565 1063 629 fatum
1083 566 1167 629 mihi

136 653 282 722 stricte
306 652 461 719 Sabella
483 651 584 736 quod
605 673 724 737 puero
747 652 900 718 cecinit
947 652 1169 719 sibidicitHo·

166 743 269 808 ratius
306 742 461 808 conficere
498 741 611 806 fatum
673 741 837 827 significat
874 745 983 806 autem
1018 740 1171 806 Sabellam

166 831 299 896 natione
327 831 485 894 nutricem
515 851 549 894 se
575 829 728 896 habuisse
756 829 959 915 sortilegam,
985 851 1068 914 quae
1095 853 1170 895 urna

167 922 271 985 sortes
299 919 402 983 dicere
429 917 527 984 solita
554 921 648 984 esset.
738 919 780 984 31
809 918 910 983 hunc
942 939 1063 1002 neque
1094 919 1171 983 dira

167 1028 316 1072 uenena
350 1027 473 1091 neque
514 1007 690 1072 hosticus
731 1007 885 1072 auferet
924 1007 1038 1072 ensis.
1098 1007 1171 1072 haee

124 1123 153 1164 ιο
166 1095 268 1160 uerba
291 1098 366 1160 sunt
388 1096 486 1161 sortis
504 1096 606 1179 ipsius
626 1095 749 1161 ductae.
809 1095 852 1162 33
875 1096 1056 1182 garrulus
1078 1096 1172 1161 hunc

167 1185 318 1269 quando
359 1188 559 1250 consumet
598 1204 766 1270 cumque.
829 1185 924 1250 ordo·
950 1187 1014 1249 est:
1050 1185 1172 1270 quando

167 1295 312 1358 cumque.
370 1273 414 1339 35
434 1277 590 1339 uentum
614 1277 697 1338 erat
720 1274 766 1338 ad
787 1271 939 1339 Uestae.
985 1273 1172 1338 subaudien-

167 1362 245 1428 dum
272 1360 406 1427 faedem’
436 1366 493 1427 aut
520 1363 597 1447 quid
623 1363 698 1427 tale.
748 1365 769 1443 †
796 1365 915 1428 emant
963 1362 1073 1427 nescio
1102 1385 1172 1448 quo-

166 1451 263 1516 modo
291 1451 367 1517 ΤΗΕ
387 1483 395 1497 ·
415 1451 538 1518 ΛΛΙΨθι
568 1451 750 1516 Bedatroue
781 1451 832 1516 sui
864 1452 937 1516 loca
974 1472 1074 1516 sacra.
1132 1453 1170 1516 sie

125 1567 153 1608 1⁵
168 1540 332 1623 [denique]
357 1543 389 1603 et
412 1539 618 1604 Terentius
641 1540 700 1604 ait:
729 1539 805 1605 Ubi
826 1540 873 1604 ad
895 1539 1044 1605 Dianae
1065 1562 1172 1605 uene·

166 1629 229 1691 ris.
275 1628 320 1692 sic
344 1627 481 1713 denique
503 1650 564 1693 nos
582 1628 679 1694 hodie
699 1627 745 1692 ‘in
758 1626 886 1694 Glandi'
899 1629 953 1693 uel
966 1627 1014 1693 ‘in
1028 1627 1171 1694 Telluris*

166 1715 302 1780 dicimus
333 1737 393 1781 nee
425 1715 572 1782 addimus
605 1716 740 1782 ‘aedem'
770 1720 828 1782 aut
855 1716 1046 1802 ‘templum'.
1134 1718 1170 1782 37

167 1804 330 1888 quodni
351 1805 514 1870 fecisset
535 1807 694 1890 perdere
716 1807 832 1871 litem.
865 1809 898 1870 et
916 1806 970 1872 hic
983 1806 1179 1871 audiendum

166 1915 224 1977 per
246 1915 394 1980 zeugma:
418 1893 564 1960 debebat.
637 1895 680 1960 38
708 1895 896 1960 inteream
923 1895 957 1959 si
978 1899 1046 1960 aut
1066 1897 1167 1960 ualeo

124 2009 154 2048 ao
167 1987 282 2048 stare.
338 1983 393 2050 too
415 1982 572 2050 Horatius
600 1984 710 2049 dicens
732 1987 833 2069 negat
855 2005 889 2049 se
912 2005 1008 2068 posse
1030 2005 1104 2049 eum
1126 2006 1170 2048 er·

166 2076 304 2154 pectere.
362 2073 403 2137 41
426 2076 514 2137 tene
537 2073 753 2156 relinquam
776 2095 824 2136 an
845 2093 933 2137 rem.
977 2073 1170 2138 mesodes.

167 2179 243 2223 rem
265 2182 325 2244 pro
348 2161 404 2226 lite
428 2161 516 2227 dixit.
563 2162 609 2226 sic
637 2161 774 2245 denique
801 2164 835 2226 et
861 2161 896 2225 in
923 2161 1076 2246 legibus
1104 2163 1172 2227 scri-

166 2248 260 2330 ptum
286 2249 427 2313 inueniri
449 2251 533 2316 solet
559 2249 646 2314 Rem
674 2250 755 2314 siue
782 2249 899 2314 litem
966 2250 1012 2314 42
1040 2271 1112 2337 ego
1137 2255 1172 2314 ut

168 2337 402 2401 contendere
426 2338 559 2403 durum
582 2359 664 2402 cum
687 2339 836 2403 uictore
860 2359 1007 2423 sequor.
1044 2340 1124 2406 ordo
1146 2345 1177 2403 et*

124 2447 154 2489 so
168 2443 295 2488 sensus:
327 2446 388 2510 ego
422 2447 538 2511 sequor
569 2430 607 2492 ut
643 2431 694 2492 est
729 2427 846 2492 durum
877 2427 1072 2494 contendere
1108 2449 1171 2494 cum

166 2512 289 2578 uictore
311 2513 346 2578 id
368 2517 418 2579 est
439 2514 612 2599 pertinace.
678 2515 722 2581 43
744 2514 947 2582 Maecenas
970 2538 1043 2601 quo
1067 2518 1170 2584 modo

165 2605 300 2690 tecum.
353 2603 443 2668 hinc
465 2604 619 2689 repetit.
680 2606 799 2687 repetit,
821 2605 942 2690 inquit,
963 2627 1090 2671 mecum
1116 2611 1176 2671 ser-¹

166 2713 295 2758 monem
322 2693 478 2757 molestus
506 2693 570 2757 ille.
621 2693 783 2774 [mecenas
813 2693 975 2778 quomodo
1002 2696 1123 2776 tecum]
1145 2704 1171 2756 et

167 2780 436 2846 subaudiendum:
460 2781 538 2868 agit
619 2781 664 2846 44
686 2803 896 2865 paucorum
922 2783 1120 2848 hominum
1140 2788 1170 2845 et

124 2869 307 2934 comantis
330 2870 427 2935 bene
449 2891 575 2936 sanae.
619 2869 849 2936 laocHoratius
872 2870 959 2937 dicit.
1035 2871 1079 2938 52
1102 2893 1168 2936 ma·

167 2977 282 3042 gnum
309 2979 455 3025 narras.
499 2980 541 3026 ne
568 2980 698 3024 necesse
727 2959 770 3024 sit
796 2960 983 3044 frequenter
1009 2961 1168 3026 ostendere

238 3137 271 3186 re
289 3132 342 3188 Ad.
361 3138 387 3203 r,
405 3140 431 3203 a,
450 3139 485 3189 43

236 3278 379 3332 2oratrus
392 3275 431 3329 M
501 3281 625 3332 beecrnr
644 3277 682 3331 M
752 3277 887 3333 tcoufici
905 3276 1002 3332 triste?
1080 3280 1168 3332 ustum

167 3345 206 3396 M
266 3346 435 3414 educereg
497 3347 650 3403 eauferr&
668 3348 707 3402 M
769 3354 802 3404 1³
821 3347 1025 3405 amantnescio
1039 3346 1173 3418 quomodo¹

167 3411 294 3480 ἔκλειψιν
306 3416 338 3469 in
351 3416 488 3472 relatione
502 3417 558 3472 loci
572 3419 676 3487 sacrig
735 3423 769 3476 15
783 3421 934 3476 terrentius
949 3420 988 3474 M
1045 3425 1078 3476 18
1092 3417 1166 3490 perde

167 3482 206 3535 M
259 3488 292 3537 19
306 3484 409 3540 debeat
423 3487 462 3540 M
522 3493 556 3542 22
571 3490 606 3555 cf.
624 3489 802 3544 Bm'esoairon
814 3491 859 3545 De
876 3492 951 3546 narb.
968 3491 1062 3560 eiyait'.
1084 3489 1135 3544 ‘lie’

166 3555 202 3604 24
220 3551 338 3606 condere
357 3554 396 3606 M
465 3558 505 3611 et:
524 3559 569 3612 est
587 3559 626 3612 M
695 3566 729 3614 26
747 3563 892 3629 poshuace
912 3561 950 3616 M
1018 3562 1166 3616 matacenas

167 3619 206 3673 M
275 3626 309 3676 28
327 3622 392 3677 eaeo
409 3625 499 3681 darei
569 3633 604 3684 30
622 3629 676 3685 hoo
694 3631 794 3686 addidi
866 3639 899 3688 31
919 3633 1075 3689 neueoessrt
1093 3632 1128 3686 Μ
