2378 3934
467 139 539 194 ocu
559 141 607 211 m,
627 147 650 198 c.
1015 139 1057 205 89

56 305 91 368 13
122 323 241 386 poene
272 306 503 386 occupatam
539 303 802 371 seditionibus
837 302 892 391 [d]
926 304 995 370 del.
1028 327 1058 370 u.

52 392 265 477 seditionibus,
287 392 410 476 inquit,
433 391 581 458 ciuilibus
604 393 793 458 destrictum
814 395 973 479 populum
994 393 1058 459 Ro·

52 503 179 545 manum
201 503 240 545 ex
261 481 431 546 occasione
457 503 561 565 paene
583 482 714 547 barbari
737 483 935 548 deleuerunt.
1017 485 1056 548 17

51 569 209 636 fecunda
242 571 377 654 culpae
413 571 582 636 saecula:
626 576 740 637 nostra
773 572 894 638 scilicet
922 574 1058 638 saecula.

51 661 203 744 nuptias
225 660 389 744 primum
410 659 675 744 inquinauere.
720 683 778 746 per
800 662 931 746 nuptias
954 661 1085 745 inqui-⁵

51 753 140 814 natas
168 749 241 814 uult
267 748 437 814 ostendere
464 771 525 814 nos
553 771 592 814 ex
614 751 686 834 ipsa
709 751 803 835 culpa
825 754 1058 836 progeneratos

50 839 210 902 acmerito
229 836 449 903 nihilrectum
466 838 712 905 inuitafacere.
782 839 823 904 19
854 839 926 904 hoc
947 841 1058 904 fonte

49 927 223 991 deriuata
245 927 375 991 clades
398 927 419 991 i.
441 950 472 1011 p.
495 949 526 1012 p.
549 949 579 1011 q.
601 927 625 991 f.
669 931 794 1014 turpes,
815 929 932 1014 inquit,
954 929 1059 994 coitus

49 1015 240 1080 feminarum
268 1016 468 1081 descendunt
499 1017 535 1080 in
563 1016 684 1082 liberos
713 1039 855 1102 quoque,
886 1017 1001 1083 deinde
1024 1019 1059 1083 in

48 1127 108 1168 rem
140 1105 316 1190 publicam.
383 1106 425 1170 21
471 1110 597 1172 motus
628 1105 657 1170 d.
681 1127 711 1191 g.
734 1106 759 1172 Ι.
786 1106 819 1170 id
847 1110 909 1171 cst:
944 1108 1059 1172 molles
1073 1122 1099 1162 1⁰

48 1194 199 1278 saltetusp
226 1216 308 1278 quos
331 1194 428 1278 primi
449 1192 546 1260 Iones
569 1195 773 1260 inuenerunt.
841 1195 885 1260 22
915 1198 952 1259 et
983 1197 1059 1260 fin-

48 1283 147 1366 gitur
173 1283 333 1348 artibus.
380 1282 537 1348 ‘artubus'
560 1283 747 1370 legendum,
780 1284 947 1367 quianon
968 1285 1060 1348 uenit

49 1373 290 1437 acominatino
316 1370 434 1436 ‘artes'
458 1372 515 1436 sed
538 1371 670 1437 ‘artus'.
716 1373 877 1459 significat
899 1393 958 1456 per
979 1373 1059 1437 mol-

48 1461 137 1525 liores
172 1462 310 1526 saltatus
343 1461 467 1545 puellas
505 1461 625 1526 discere
661 1465 773 1547 turpes
805 1465 838 1526 et
868 1460 1059 1525 libidinosos

48 1553 148 1614 motus
181 1573 289 1614 rerum
317 1550 529 1615 ueneriarum.
605 1552 649 1616 24
691 1552 734 1616 de
771 1554 905 1616 tenero
943 1550 1099 1614 medi-1⁵

49 1643 148 1702 tatur
176 1639 308 1725 ungui.
348 1639 416 1712 ¹hoc
439 1639 647 1724 prouerbium
670 1641 710 1705 de
733 1637 855 1705 Graeco
878 1643 942 1724 est,
973 1640 1059 1724 quod

50 1725 159 1793 dicunt
181 1727 220 1806 ἐξ
243 1722 404 1792 ἁπαλῶν
427 1723 596 1812 ὀνύχων,
624 1729 710 1814 qnod
725 1729 888 1815 significet
911 1728 942 1792 ‘a
955 1729 1059 1812 prima

49 1815 207 1882 infantia'.
272 1817 315 1882 26
339 1839 461 1900 neque
485 1818 599 1904 eligit
622 1820 682 1883 cui
702 1819 820 1884 donet
836 1818 1059 1882 intermissa

47 1908 191 1988 partim.
239 1928 354 1972 sensus
377 1911 440 1971 cst:
471 1928 574 1990 neque
598 1929 638 1972 ex
661 1908 829 1973 occasione
852 1907 986 1971 extincti
1009 1928 1058 1970 su-

49 1995 111 2060 bito
144 1996 180 2060 in
214 1996 366 2061 conuiuio
399 1995 530 2060 luminis
562 2001 716 2081 properat
748 1996 874 2061 adulter
905 1997 981 2079 post
1011 1995 1059 2058 in·
1073 2011 1099 2050 2⁰

48 2085 215 2150 teruallum
254 2085 423 2169 occultari,
459 2085 580 2150 scilicet
616 2086 722 2151 facere
751 2097 822 2151 'non
852 2084 1059 2169 permittente

48 2175 172 2238 tantum
195 2175 324 2257 marito,
348 2174 403 2238 sed
426 2175 525 2238 etiam
547 2173 688 2239 iubente,
756 2175 800 2238 32
833 2173 1060 2239 dedecorum

48 2263 241 2345 pretiosus
275 2266 432 2347 emptor.
482 2264 537 2347 qui
570 2263 726 2329 dedecora
757 2263 790 2328 id
822 2266 872 2328 est
903 2262 1060 2328 adulteria

50 2373 165 2438 magno
188 2353 295 2439 pretio
320 2352 406 2416 emit.
473 2352 517 2418 33
562 2373 640 2417 non
670 2352 731 2416 his
763 2353 947 2416 iuuentus
976 2355 1060 2417 orta

48 2443 276 2524 perentibus
308 2441 328 2505 i.
359 2463 386 2504 a.
419 2463 443 2506 s.
498 2441 699 2525 melioribus,
734 2441 853 2525 inquit,
889 2444 962 2505 orta
997 2440 1100 2505 suita
1181 2501 1182 2504 ,

50 2532 233 2613 parentibus
257 2531 410 2595 inuentus
440 2531 496 2595 illa
526 2529 612 2615 apud
642 2531 793 2614 antiquos
824 2532 969 2614 nostros,
1006 2529 1061 2612 qui

52 2620 131 2684 bella
153 2620 279 2686 Punica
301 2642 361 2704 pro
384 2619 490 2704 patria
509 2619 606 2683 etiam
620 2619 791 2684 naualibus
804 2619 937 2703 procliis
951 2617 1060 2702 gessit.

133 2707 175 2774 37
202 2709 269 2774 sed
292 2710 525 2774 rusticorum
555 2709 727 2772 mascula
740 2708 907 2772 militum
920 2707 1061 2791 proles.

51 2797 204 2882 hodieque
242 2819 281 2862 ex
316 2798 444 2862 rusticis
481 2797 618 2862 maxime
650 2797 769 2861 milites
801 2796 877 2860 lecti
912 2794 1060 2860 meliores

52 2885 216 2952 habentur.
284 2887 326 2950 39
369 2890 406 2951 et
434 2907 589 2950 seuerae
616 2881 751 2950 matris
781 2885 827 2950 ad
857 2883 1062 2949 arbitrium
1075 2899 1101 2938 ³0

54 2977 191 3042 recisos
214 2979 371 3060 portare
393 2975 526 3040 fustes.
572 2975 652 3039 mire
683 2975 922 3059 simplicitatem
950 2977 983 3037 et
1005 2995 1061 3057 pa-

54 3065 195 3130 tientiam
222 3065 345 3129 laboris
376 3065 411 3128 in
443 3063 614 3129 iuuenibus
643 3085 701 3148 per
727 3063 760 3127 id
788 3063 943 3147 ostendit,
975 3061 1062 3146 quod

56 3155 145 3218 etiam
166 3156 308 3218 matrum
330 3154 486 3236 potestati
509 3175 542 3218 se
561 3151 757 3235 subicerent,
781 3173 854 3216 cum
876 3153 942 3216 iarn
965 3155 998 3214 et
1021 3150 1062 3215 ad

6 3363 7 3394 ἕ
120 3367 326 3422 3Romanum:
345 3367 360 3418 i
379 3365 417 3417 M
487 3371 612 3434 3p0ene
631 3369 656 3418 ct
673 3363 821 3418 deluerunt
841 3363 879 3416 M
936 3363 1061 3430 5'mqu1-

6 3485 7 3502 2
60 3438 189 3492 natosM
262 3441 294 3490 12
314 3435 715 3504 mtubos‚uecieorr.‚M
795 3440 827 3488 13
846 3451 897 3503 per
915 3435 974 3488 clm.
994 3436 1062 3486 375.-

6 3507 8 3510 ’
59 3524 102 3574 per
115 3509 195 3563 idm
266 3513 301 3562 14
318 3507 437 3562 saltatus
451 3507 593 3561 Hauthut:
612 3505 752 3560 saltusM
823 3501 1065 3557 17οΝ1ΧωΝΜ

62 3584 87 3631 12
112 3581 149 3635 sic
167 3581 206 3634 Μ
229 3585 300 3634 recte
389 3584 423 3632 22
442 3579 566 3632 tantum:
590 3578 675 3631 cantu
693 3575 731 3628 M
819 3579 854 3628 24
871 3574 979 3641 praetre
999 3571 1038 3622 M

61 3654 89 3703 30
105 3667 232 3708 saeuerae
253 3651 290 3704 M
361 3655 394 3705 32
414 3650 488 3718 pent
507 3649 545 3701 M
