2536 3930
194 157 257 220 140
549 151 621 207 ODE
640 149 687 218 IV,
708 155 741 204 13
761 150 790 203 et
810 155 851 203 14.

195 320 325 384 facem.
372 314 558 402 ἐμφατικῶς
586 313 676 378 illam
703 316 740 377 ut
763 310 893 375 Amoris
921 311 1026 386 facem
1049 309 1217 392 dilapsam

196 409 241 473 ait
263 409 298 471 in
321 407 443 472 cineres
467 407 500 470 et
522 404 746 485 consumptam
768 399 941 464 refrixisse.

613 558 685 614 ona
704 565 731 627 4,
752 564 794 614 14.

284 672 388 749 Quae
412 692 502 736 eura
533 671 686 753 patrum
718 687 865 751 quaeue
898 663 1110 750 quiritium.
1156 685 1218 726 ne·

167 765 252 848 egat
274 763 342 827 ullo
365 763 497 825 senatus
520 757 672 843 populine
690 755 832 821 Romani
855 753 1007 837 obsequio
1030 773 1128 837 posse
1151 773 1217 836 pro

191 851 314 916 meritis
346 850 463 934 dignos
495 848 636 913 honores
668 845 808 910 inueniri
846 842 1019 909 uirtutibus
1052 839 1217 907 Caesaris.

281 939 304 1003 4
344 959 411 1023 per
429 937 570 1002 titulos
589 955 850 1018 memoresque
873 933 1000 996 fastos
1019 933 1218 995 aeternet:

192 1028 308 1112 quibus
339 1027 375 1092 in
403 1030 570 1091 aeternum
602 1026 816 1089 consecretur.
906 1021 925 1085 7
963 1041 1072 1104 quem
1107 1020 1218 1105 legis

192 1119 368 1200 expertes
413 1115 578 1180 Latinae
623 1111 821 1177 Uindelici
871 1108 1040 1174 didicere
1086 1129 1219 1192 nuper

153 1205 284 1289 aquid
319 1203 441 1270 Marte
481 1203 618 1288 possis.
663 1222 731 1265 non
760 1200 908 1265 sichaec
932 1198 1022 1282 dicit,
1051 1198 1146 1282 quasi
1173 1197 1217 1261 ab

191 1293 343 1380 Augusto
376 1291 513 1358 Caesare
545 1290 707 1356 Uindelici
739 1288 890 1353 debellati
920 1287 997 1370 sint,
1034 1287 1090 1350 sed
1123 1285 1219 1370 quod

195 1381 321 1448 Drusus
340 1382 532 1446 exercitibus
550 1385 580 1445 et
592 1379 743 1462 auspiciis
758 1377 899 1464 Augusti
918 1397 972 1440 eos
991 1375 1219 1440 debellauerit.

283 1473 324 1536 10
348 1469 555 1536 Genaunes
587 1467 848 1552 Breunosque.
887 1463 1070 1548 Cisalpinae
1094 1467 1218 1548 gentes

194 1560 359 1625 sunthae.
449 1561 490 1622 12
514 1563 551 1622 et
574 1579 681 1622 arces
703 1556 869 1640 Alpibus
906 1553 1100 1638 inpositas
1139 1557 1219 1617 tre-

153 1663 179 1706 15
192 1649 343 1714 mendis.
388 1669 452 1713 aon
475 1647 582 1729 ‘Alpes
599 1644 798 1710 tremendas'
821 1646 859 1708 ut
877 1644 998 1707 dictum
1017 1645 1067 1706 est
1084 1641 1219 1706 intelle-

192 1757 305 1822 gamus
334 1737 389 1802 sed
420 1735 497 1801 ‘hos
527 1735 711 1800 tremendos
739 1735 772 1798 id
796 1737 846 1798 est
867 1731 1042 1814 timendos,
1074 1730 1131 1813 qui
1155 1752 1218 1795 eas

190 1824 368 1890 habitant'.
438 1825 478 1890 13
511 1824 653 1889 deiecit
685 1844 770 1887 acer
801 1823 887 1907 plus
919 1821 1001 1884 uice
1030 1819 1218 1902 simplici.

191 1917 263 1980 uult
293 1915 440 2000 intellegi
470 1915 505 1978 in
537 1912 704 1978 uastandis
737 1911 787 1975 his
817 1933 885 1976 non
907 1913 1035 1974 tantam
1055 1907 1122 1972 illis
1147 1909 1218 1974 cla-

193 2004 267 2068 dem
303 2004 451 2068 intulisse
488 2006 644 2087 quantam
676 1999 739 2084 ipsi
771 2000 939 2082 dederant,
976 1998 1032 2062 sed
1068 1997 1219 2080 duplam.

151 2107 177 2147 ¹⁰
190 2092 253 2157 hoc
275 2097 325 2158 est
348 2093 435 2156 enim
458 2090 537 2156 ‘non
560 2090 738 2174 simplicem
761 2089 864 2152 uicem
887 2085 1099 2152 reddentsm'.

193 2181 236 2244 14
264 2180 386 2245 maior
416 2178 620 2244 Neronum.
666 2178 744 2243 ordo
769 2181 832 2242 est:
869 2175 994 2241 Drusus
1018 2175 1122 2240 maior
1145 2173 1219 2240 Ne-

193 2290 320 2333 ronum.
371 2269 425 2333 hic
457 2269 542 2332 enim
574 2267 677 2332 maior
708 2269 788 2332 natu
819 2266 891 2330 fuit.
983 2265 1024 2330 18
1065 2264 1217 2329 deuota

191 2357 308 2422 morti
340 2359 501 2441 pectora
532 2357 688 2421 liberae.
721 2357 900 2440 eleganter:
940 2375 1008 2419 non
1026 2356 1219 2420 metuentes

79 2474 81 2478 ·
192 2449 339 2510 mortem.
393 2451 521 2510 mmmm
551 2445 686 2510 liberam
717 2447 875 2529 perpetuo
907 2443 1051 2526 epitheto
1088 2441 1218 2507 dictam

152 2547 178 2590 ²⁵
192 2535 308 2618 accipe.
392 2535 432 2598 19
467 2535 623 2618 quantis
659 2534 850 2618 fatigaret
885 2531 1025 2596 ruinis:
1061 2531 1217 2596 hostium

190 2624 292 2688 ruinis
316 2624 446 2688 scilicet.
513 2623 557 2688 20
588 2622 798 2688 indomitas
829 2643 947 2705 prope
980 2619 1107 2704 qualis
1136 2642 1215 2684 un·

191 2713 256 2777 das
281 2717 432 2777 exercet
463 2711 607 2776 Auster
633 2709 831 2775 Pleiadum
854 2711 970 2775 choro
1003 2707 1217 2774 scindente

190 2801 311 2866 nubes
341 2801 495 2886 inpiger
526 2801 695 2865 hostium
725 2820 864 2863 nexare
887 2802 1043 2863 turmas.
1087 2797 1217 2863 mirum

191 2889 320 2973 aliquod
344 2890 489 2973 sequitur
511 2883 762 2964 oivuadloodom
791 2910 863 2952 cum
884 2888 973 2952 enim
996 2885 1219 2972 praedixisset

151 2991 178 3034 ⁸⁰
192 2976 328 3061 ‘qualis',
359 3000 428 3042 non
450 2979 562 3043 intulit
585 2978 670 3061 quod
694 2980 763 3042 erat
786 2997 986 3060 consequens
1010 2973 1128 3058 ‘talis'‚
1152 2977 1217 3042 sed

191 3064 350 3152 ‘inpiger'.
397 3088 474 3152 ergo
507 3068 554 3133 sic
585 3070 691 3131 totum
720 3066 987 3151 intellegendum:
1024 3063 1129 3149 qualis
1160 3069 1218 3130 est

262 3245 465 3297 ΙεηΦατιΚωε
484 3241 523 3294 Μ
606 3247 621 3295 2
649 3241 790 3296 reluxisse
818 3242 853 3310 (u
871 3257 904 3294 ea
921 3257 952 3294 re
971 3255 1040 3294 corr.
1058 3255 1093 3292 m.
1111 3241 1150 3306 1.)
1175 3241 1221 3294 M

262 3313 384 3368 'llasoes
405 3313 443 3366 M
530 3319 546 3366 8
574 3313 659 3366 aerbo
687 3312 787 3380 quibus
809 3311 839 3366 in
857 3313 1002 3366 aeternum
1020 3313 1217 3380 consecretur,

190 3399 259 3451 qaue
276 3385 308 3436 ia
327 3385 366 3436 M
382 3388 478 3452 gpoet
496 3382 623 3438 Caesaris
637 3384 733 3452 posito
754 3387 828 3448 errat,
846 3397 896 3436 nos
914 3381 1135 3450 transponamus

193 3460 224 3506 11
245 3455 308 3506 sunt
326 3459 380 3521 (18.
396 3455 461 3508 tm.
476 3457 513 3523 1.)
529 3454 567 3508 M
629 3461 661 3508 12
672 3453 837 3509 exercitibus
856 3457 984 3524 ausprtus
995 3453 1038 3508 M.
1094 3457 1128 3506 18
1142 3453 1216 3507 tan·

190 3525 251 3576 tum
271 3525 308 3576 M
387 3530 420 3578 23
439 3527 595 3580 metuentes
613 3541 677 3579 ace.-
704 3526 831 3580 metuens
851 3525 889 3580 M
965 3529 1000 3577 24
1017 3525 1139 3577 mortem
1158 3526 1216 3578 od-

190 3594 252 3648 didi
303 3595 457 3718 gtnqhoros
473 3597 511 3648 M
572 3602 606 3651 28
625 3595 842 3651 uexardmrmars
863 3597 901 3650 M
953 3599 986 3649 29
1006 3593 1123 3662 aliquod
1141 3608 1217 3650 nos:

191 3680 227 3718 an
246 3681 301 3732 quo
