2416 3934
175 147 217 212 52
552 143 625 198 oua
643 143 677 212 11,
696 148 715 221 r
732 144 761 198 e
779 147 803 196 c.

175 313 291 374 olore.
328 312 456 392 poterat
474 307 577 391 accipi
590 305 814 390 Neoptolemo,
837 305 892 389 qui
906 303 1052 370 interfuit
1065 303 1170 368 excidio

176 398 306 480 Troiae,
332 397 389 461 sed
416 418 490 462 cum
513 395 650 460 subiciat
682 397 719 458 et
749 393 949 478 ademptus
976 391 1114 458 Hector
1138 392 1172 456 ad

175 486 327 552 Achillen
349 486 515 551 reuocauit
538 505 667 550 omnem
684 483 799 547 excidii
813 481 929 548 Troiae
950 501 1089 546 causam.
1139 482 1170 544 11

174 576 325 640 leuiora
352 575 443 640 tolli
470 575 505 639 P.
533 596 557 638 s.
591 573 741 637 leuiora
773 571 895 636 scilicet
922 571 1010 635 facta
1032 570 1172 654 Pergama

148 665 210 730 sid
241 667 291 729 est
319 663 519 729 inbecilliora
546 663 688 726 extincto
720 659 870 725 Hectore.
963 660 1003 726 13
1037 660 1172 724 nescias

176 775 223 818 an
250 757 288 817 te
315 773 497 838 generum
525 752 555 815 b.
584 751 642 815 Ph.
670 750 699 813 d.
727 771 757 834 p.
820 748 963 814 breuiter
986 753 1019 813 et·
1041 749 1173 812 decenter

175 843 293 907 tacitae
321 840 591 925 anthypophorae
620 839 767 904 occurrit.
817 860 894 902 nam
918 859 991 902 oum
1014 836 1174 900 Briseidem

175 931 378 994 Tecmessam
401 933 434 994 et
452 927 659 1011 Casandram,
683 949 764 1011 quae
788 927 911 1008 scilicet
933 926 1042 1012 rogiae
1066 925 1174 1009 puellae

175 1019 322 1104 fuerunt,
348 1019 383 1083 in
407 1019 587 1102 exemplum
609 1016 769 1100 Phyllidis
797 1015 982 1098 adtulisset,
1009 1015 1195 1092 necessario

138 1132 164 1172 ro
177 1109 314 1174 subiecit
333 1108 485 1174 nescias
509 1129 556 1172 an
579 1109 617 1170 te
640 1126 823 1190 generum
845 1103 1195 1187 beataePhyllidisr

175 1197 308 1262 flauas
332 1197 516 1262 decorent
537 1199 729 1279 parentes.
788 1215 884 1279 posse
913 1197 1023 1258 autem
1046 1193 1114 1258 fieri
1134 1192 1177 1274 ait,

176 1289 215 1350 ut
237 1289 269 1350 et
292 1285 371 1350 haec
394 1286 475 1370 regii
499 1285 626 1370 generis
646 1284 702 1366 sit,
727 1282 812 1348 unde
827 1283 1016 1368 intellegere
1032 1282 1195 1362 debemus,

176 1373 351 1457 Phylliden
375 1376 537 1458 captiuam
560 1394 637 1438 esse.
675 1373 720 1436 sic
743 1393 778 1436 se
802 1373 890 1436 enim
911 1371 1038 1436 habent
1061 1370 1195 1450 ethaeo,

179 1485 260 1546 quae
276 1463 491 1528 subiciuntur:
514 1463 665 1548 regium
688 1465 792 1526 certe
816 1481 938 1545 genus
962 1463 999 1524 ct
1022 1463 1178 1543 penates·

139 1575 164 1615 15
178 1553 221 1616 21
246 1552 404 1616 brachia
428 1554 465 1616 et
487 1552 637 1630 uultum
664 1553 688 1614 t.
716 1572 740 1615 s.
782 1549 949 1634 eleganter
972 1570 1048 1614 curn
1071 1547 1195 1632 puellae,

178 1640 451 1723 pulchritudinem
483 1640 643 1723 laudaret,
678 1660 720 1703 ne
753 1642 922 1721 suspectus
954 1637 1126 1702 haberetur
1150 1636 1178 1697 in

180 1749 322 1794 amorem
355 1729 436 1812 eius,
469 1728 586 1792 adiecit
668 1729 718 1792 22
752 1728 906 1812 integer
938 1726 1070 1808 laud03
1105 1725 1195 1808 fuge

180 1817 373 1902 suspicari
397 1839 422 1882 o.
447 1839 475 1882 ο.
499 1822 522 1881 t.
545 1839 573 1882 a.
597 1839 625 1882 0.
648 1816 668 1881 l.
723 1819 815 1902 grate
839 1810 1058 1900 quadraginta
1082 1814 1195 1878 aetatis

181 1929 284 1976 anuos
313 1929 346 1970 se
371 1907 543 1971 excessisse
572 1905 723 1970 ostendit.
783 1908 856 1970 octo
886 1905 972 1969 enim
995 1905 1195 1970 lustrante

140 2019 166 2058 20
181 1996 410 2080 quinquennia,
434 1994 650 2080 quadraginta
674 2015 777 2058 annos
792 1993 924 2079 scilicet,
947 1993 1093 2077 cludunt,
1115 2012 1195 2074 quae¹

179 2088 275 2148 aetas.
292 2085 421 2149 uidetur
443 2085 508 2148 iarn
532 2085 650 2148 amoris
675 2104 743 2148 esse
768 2083 882 2147 aliena.

608 2274 681 2329 ODE
701 2281 726 2344 2,
747 2281 770 2329 5.

271 2381 357 2448 Non
389 2385 474 2448 dum
507 2385 668 2450 subacta
695 2385 797 2449 ferre
825 2385 956 2470 iugum
983 2385 1093 2448 ualet
1120 2403 1187 2446 oer-

182 2473 275 2539 uice.
309 2472 371 2536 hac
390 2467 460 2561 ᾠδῇ
479 2475 668 2558 allegoricos
688 2495 761 2538 cum
785 2495 822 2538 eo
842 2473 920 2558 agit,
943 2473 998 2558 qui
1020 2473 1187 2538 inhabilem

141 2561 287 2640 asadhuc
323 2561 394 2626 uiro
426 2562 567 2646 puellam
598 2563 814 2647 persequitur,
854 2584 935 2647 quae
968 2562 1060 2628 lusus
1095 2559 1189 2644 magis

183 2673 280 2736 quam
312 2672 420 2715 rerum
451 2651 654 2716 ueneriarum
682 2651 798 2736 cupida
821 2651 872 2716 sit.
950 2651 971 2714 2
1005 2673 1086 2716 non
1114 2650 1190 2712 dum

182 2740 312 2805 munia
336 2739 528 2824 comparis
552 2757 725 2824 aequare.
762 2741 928 2825 eleganter
951 2740 1045 2824 quasi
1068 2740 1190 2822 deiuge

183 2829 314 2894 ferendo
337 2830 494 2913 loquitur,
522 2829 608 2913 quod
632 2829 670 2892 de
694 2829 845 2914 coniugio
869 2829 1015 2914 intellegi
1038 2829 1120 2894 uult.
1174 2826 1190 2888 6

184 2939 284 2980 nunc
305 2917 442 2983 fluuiis
462 2937 615 3002 grauem
634 2917 800 2983 solantis
824 2920 980 2983 aestum.
1017 2917 1193 3002 elegantius

143 3029 169 3069 ao
184 3004 247 3069 dici
274 3027 341 3070 non
368 3009 491 3090 potest,
520 3029 617 3090 quam
644 3007 706 3071 hoc
734 3007 852 3072 dicitur
880 3006 1019 3070 fluuiis
1043 3025 1192 3091 grauem

185 3094 352 3159 solantis
376 3098 539 3178 aestum,
562 3095 648 3180 quod
672 3095 846 3179 significat:
870 3095 1103 3180 refrigerantis.
1141 3114 1192 3156 so-

182 3183 303 3246 lantis
328 3187 483 3247 aestum.
526 3185 635 3248 solans
660 3187 786 3248 aestum
807 3207 867 3270 pro
890 3183 1104 3269 refrigerante
1128 3203 1182 3266 gra

255 3362 387 3410 3casum
406 3357 444 3408 M
498 3357 588 3410 cPh:
606 3356 625 3411 f.
646 3358 685 3412 M
738 3359 888 3412 'ltacitem
907 3358 1089 3428 anthrpofora
1110 3357 1148 3410 M

187 3425 269 3480 8del
287 3442 408 3481 messam
427 3427 465 3480 M
534 3443 647 3496 regmae
666 3428 705 3482 M
775 3429 903 3484 9fuerat
918 3429 956 3482 M
1025 3429 1135 3498 fyllrdrs
1153 3425 1186 3479 ad

185 3495 285 3550 tulrset
304 3497 342 3549 M
396 3495 545 3550 10frlhd1s
565 3497 603 3550 M
656 3505 688 3552 11
708 3499 806 3554 decore
826 3501 865 3554 M
919 3505 952 3554 13
971 3499 1092 3568 fylhden
1112 3499 1150 3552 M

187 3566 542 3707 cerrenus
1040 3577 1188 3695 aar

866 3657 933 3710 quia
1107 3657 1138 3695 so
1169 3657 1185 3692 n
