<?xml version="1.0" encoding="UTF-8"?>
<!DOCTYPE html PUBLIC "-//W3C//DTD XHTML 1.0 Transitional//EN"
    "http://www.w3.org/TR/xhtml1/DTD/xhtml1-transitional.dtd">
<html xmlns="http://www.w3.org/1999/xhtml" xml:lang="en" lang="en">
 <head>
  <title>
</title>
<meta http-equiv="Content-Type" content="text/html;charset=utf-8" />
  <meta name='ocr-system' content='tesseract 3.04.00' />
  <meta name='ocr-capabilities' content='ocr_page ocr_carea ocr_par ocr_line ocrx_word'/>
</head>
<body>
  <div class='ocr_page' id='page_1' title='image "./commentuminhora01porpgoog_0302.png"; bbox 0 0 2378 3934; ppageno 0'>
   <div class='ocr_carea' id='block_1_1' title="bbox 174 128 886 198">
    <p class='ocr_par' dir='ltr' id='par_1_1' title="bbox 174 128 886 198">
     <span class='ocr_line' id='line_1_1' title="bbox 174 128 886 198; baseline -0.006 -10"><span class='ocrx_word' id='word_1_1' title='bbox 174 129 239 195; x_wconf 78' lang='lat'><strong>288</strong></span> <span class='ocrx_word' id='word_1_2' title='bbox 472 128 652 184; x_wconf 79' lang='lat' dir='ltr'><strong>EPISTULA</strong></span> <span class='ocrx_word' id='word_1_3' title='bbox 670 130 691 197; x_wconf 85' lang='grc' dir='ltr'><strong>Ι,</strong></span> <span class='ocrx_word' id='word_1_4' title='bbox 712 136 752 198; x_wconf 81' lang='lat'><strong>16,</strong></span> <span class='ocrx_word' id='word_1_5' title='bbox 773 135 886 184; x_wconf 72' lang='lat'><strong>40-70.</strong></span> 
     </span>
    </p>
   </div>
   <div class='ocr_carea' id='block_1_2' title="bbox 136 285 1178 3130">
    <p class='ocr_par' dir='ltr' id='par_1_2' title="bbox 136 285 1178 3130">
     <span class='ocr_line' id='line_1_2' title="bbox 172 285 1167 375; baseline -0.005 -17"><span class='ocrx_word' id='word_1_6' title='bbox 172 293 279 358; x_wconf 89' lang='lat' dir='ltr'><strong>dedit</strong></span> <span class='ocrx_word' id='word_1_7' title='bbox 301 293 371 357; x_wconf 82' lang='lat' dir='ltr'><strong>hoa</strong></span> <span class='ocrx_word' id='word_1_8' title='bbox 393 291 507 356; x_wconf 90' lang='lat' dir='ltr'><strong>hodie</strong></span> <span class='ocrx_word' id='word_1_9' title='bbox 530 313 613 356; x_wconf 84' lang='lat' dir='ltr'><strong>eras</strong></span> <span class='ocrx_word' id='word_1_10' title='bbox 637 293 670 356; x_wconf 90' lang='lat' dir='ltr'><strong>si</strong></span> <span class='ocrx_word' id='word_1_11' title='bbox 692 315 723 356; x_wconf 91' lang='lat' dir='ltr'><strong>u.</strong></span> <span class='ocrx_word' id='word_1_12' title='bbox 747 314 779 355; x_wconf 90' lang='lat' dir='ltr'><strong>a:</strong></span> <span class='ocrx_word' id='word_1_13' title='bbox 804 285 832 356; x_wconf 84' lang='lat' dir='ltr'><strong>si</strong></span> <span class='ocrx_word' id='word_1_14' title='bbox 855 292 927 356; x_wconf 92' lang='lat' dir='ltr'><strong>ideo</strong></span> <span class='ocrx_word' id='word_1_15' title='bbox 950 314 1022 357; x_wconf 90' lang='lat' dir='ltr'><strong>sum</strong></span> <span class='ocrx_word' id='word_1_16' title='bbox 1046 293 1167 375; x_wconf 73' lang='lat' dir='ltr'><strong>sapiens,</strong></span> 
     </span>
     <span class='ocr_line' id='line_1_3' title="bbox 174 379 1167 468; baseline -0.004 -21"><span class='ocrx_word' id='word_1_17' title='bbox 174 384 250 468; x_wconf 90' lang='lat' dir='ltr'><strong>quia</strong></span> <span class='ocrx_word' id='word_1_18' title='bbox 281 403 332 446; x_wconf 90' lang='lat' dir='ltr'><strong>me</strong></span> <span class='ocrx_word' id='word_1_19' title='bbox 360 379 438 445; x_wconf 84' lang='lat' dir='ltr'><strong>dicit</strong></span> <span class='ocrx_word' id='word_1_20' title='bbox 463 381 602 464; x_wconf 87' lang='lat' dir='ltr'><strong>populus</strong></span> <span class='ocrx_word' id='word_1_21' title='bbox 630 380 822 465; x_wconf 76' lang='lat' dir='ltr'><strong>sapientem,</strong></span> <span class='ocrx_word' id='word_1_22' title='bbox 850 381 1007 466; x_wconf 82' lang='lat' dir='ltr'><strong>sequitur,</strong></span> <span class='ocrx_word' id='word_1_23' title='bbox 1035 383 1084 464; x_wconf 86' lang='lat' dir='ltr'><strong>ut,</strong></span> <span class='ocrx_word' id='word_1_24' title='bbox 1109 402 1167 444; x_wconf 84' lang='lat' dir='ltr'><strong>eun</strong></span> 
     </span>
     <span class='ocr_line' id='line_1_4' title="bbox 172 469 1168 553; baseline -0.006 -16"><span class='ocrx_word' id='word_1_25' title='bbox 172 493 239 537; x_wconf 88' lang='lat' dir='ltr'><strong>non</strong></span> <span class='ocrx_word' id='word_1_26' title='bbox 266 470 395 553; x_wconf 61' lang='lat' dir='ltr'><strong>duent,</strong></span> <span class='ocrx_word' id='word_1_27' title='bbox 422 490 490 533; x_wconf 90' lang='lat' dir='ltr'><strong>non</strong></span> <span class='ocrx_word' id='word_1_28' title='bbox 517 469 587 534; x_wconf 89' lang='lat' dir='ltr'><strong>sim.</strong></span> <span class='ocrx_word' id='word_1_29' title='bbox 676 469 721 534; x_wconf 88' lang='grc'><strong>40</strong></span> <span class='ocrx_word' id='word_1_30' title='bbox 752 469 988 534; x_wconf 89' lang='lat' dir='ltr'><strong>mendosum:</strong></span> <span class='ocrx_word' id='word_1_31' title='bbox 1021 469 1168 534; x_wconf 87' lang='lat' dir='ltr'><strong>uitiosum.</strong></span> 
     </span>
     <span class='ocr_line' id='line_1_5' title="bbox 173 557 1168 625; baseline -0.005 0"><span class='ocrx_word' id='word_1_32' title='bbox 173 558 444 625; x_wconf 83' lang='lat' dir='ltr'><strong>medicandum</strong></span> <span class='ocrx_word' id='word_1_33' title='bbox 466 559 528 623; x_wconf 86' lang='lat' dir='ltr'><strong>hou</strong></span> <span class='ocrx_word' id='word_1_34' title='bbox 552 563 615 623; x_wconf 89' lang='lat' dir='ltr'><strong>est:</strong></span> <span class='ocrx_word' id='word_1_35' title='bbox 638 579 706 623; x_wconf 89' lang='lat' dir='ltr'><strong>non</strong></span> <span class='ocrx_word' id='word_1_36' title='bbox 729 580 853 622; x_wconf 91' lang='lat' dir='ltr'><strong>sanum.</strong></span> <span class='ocrx_word' id='word_1_37' title='bbox 913 559 957 622; x_wconf 90' lang='grc'><strong>40</strong></span> <span class='ocrx_word' id='word_1_38' title='bbox 979 559 1041 622; x_wconf 91' lang='lat' dir='ltr'><strong>uir</strong></span> <span class='ocrx_word' id='word_1_39' title='bbox 1061 557 1168 621; x_wconf 79' lang='lat' dir='ltr'><strong>bonus</strong></span> 
     </span>
     <span class='ocr_line' id='line_1_6' title="bbox 146 646 1171 732; baseline 0 -24"><span class='ocrx_word' id='word_1_40' title='bbox 146 653 233 715; x_wconf 77' lang='lat' dir='ltr'><strong>sest</strong></span> <span class='ocrx_word' id='word_1_41' title='bbox 264 647 371 730; x_wconf 76' lang='lat' dir='ltr'><strong>quis?</strong></span> <span class='ocrx_word' id='word_1_42' title='bbox 403 647 468 732; x_wconf 91' lang='lat' dir='ltr'><strong>qui</strong></span> <span class='ocrx_word' id='word_1_43' title='bbox 500 647 677 712; x_wconf 84' lang='lat' dir='ltr'><strong>consulta</strong></span> <span class='ocrx_word' id='word_1_44' title='bbox 708 650 870 730; x_wconf 87' lang='lat' dir='ltr'><strong>patrum.</strong></span> <span class='ocrx_word' id='word_1_45' title='bbox 928 646 1096 730; x_wconf 82' lang='lat' dir='ltr'>responsio</span> <span class='ocrx_word' id='word_1_46' title='bbox 1126 649 1171 710; x_wconf 87' lang='lat' dir='ltr'><strong>est.</strong></span> 
     </span>
     <span class='ocr_line' id='line_1_7' title="bbox 173 735 1171 821; baseline -0.006 -17"><span class='ocrx_word' id='word_1_47' title='bbox 173 742 281 804; x_wconf 91' lang='lat' dir='ltr'><strong>totum</strong></span> <span class='ocrx_word' id='word_1_48' title='bbox 313 759 371 821; x_wconf 88' lang='lat' dir='ltr'><strong>per</strong></span> <span class='ocrx_word' id='word_1_49' title='bbox 402 737 540 801; x_wconf 89' lang='lat' dir='ltr'><strong>ironian.</strong></span> <span class='ocrx_word' id='word_1_50' title='bbox 594 736 736 800; x_wconf 89' lang='lat' dir='ltr'><strong>ostendit</strong></span> <span class='ocrx_word' id='word_1_51' title='bbox 768 735 855 800; x_wconf 91' lang='lat' dir='ltr'><strong>enim</strong></span> <span class='ocrx_word' id='word_1_52' title='bbox 886 735 948 800; x_wconf 86' lang='lat' dir='ltr'><strong>hoa</strong></span> <span class='ocrx_word' id='word_1_53' title='bbox 977 736 1086 819; x_wconf 89' lang='lat' dir='ltr'><strong>ipsum</strong></span> <span class='ocrx_word' id='word_1_54' title='bbox 1119 757 1171 798; x_wconf 80' lang='lat' dir='ltr'><strong>nou</strong></span> 
     </span>
     <span class='ocr_line' id='line_1_8' title="bbox 175 824 1172 892; baseline -0.006 0"><span class='ocrx_word' id='word_1_55' title='bbox 175 848 246 892; x_wconf 89' lang='lat' dir='ltr'><strong>esse</strong></span> <span class='ocrx_word' id='word_1_56' title='bbox 269 826 326 890; x_wconf 89' lang='lat' dir='ltr'><strong>sed</strong></span> <span class='ocrx_word' id='word_1_57' title='bbox 348 825 595 891; x_wconf 88' lang='lat' dir='ltr'><strong>uideribonum.</strong></span> <span class='ocrx_word' id='word_1_58' title='bbox 653 825 697 888; x_wconf 85' lang='lat'><strong>44</strong></span> <span class='ocrx_word' id='word_1_59' title='bbox 721 824 786 889; x_wconf 91' lang='lat' dir='ltr'><strong>sed</strong></span> <span class='ocrx_word' id='word_1_60' title='bbox 809 824 919 889; x_wconf 89' lang='lat' dir='ltr'><strong>uidet</strong></span> <span class='ocrx_word' id='word_1_61' title='bbox 940 825 1043 890; x_wconf 85' lang='lat' dir='ltr'><strong>hune</strong></span> <span class='ocrx_word' id='word_1_62' title='bbox 1066 825 1172 889; x_wconf 86' lang='lat' dir='ltr'><strong>omnis</strong></span> 
     </span>
     <span class='ocr_line' id='line_1_9' title="bbox 174 913 1172 999; baseline -0.003 -20"><span class='ocrx_word' id='word_1_63' title='bbox 174 916 324 998; x_wconf 88' lang='lat' dir='ltr'><strong>domus,</strong></span> <span class='ocrx_word' id='word_1_64' title='bbox 347 935 445 999; x_wconf 90' lang='lat' dir='ltr'><strong>quam</strong></span> <span class='ocrx_word' id='word_1_65' title='bbox 466 935 534 979; x_wconf 91' lang='lat' dir='ltr'><strong>non</strong></span> <span class='ocrx_word' id='word_1_66' title='bbox 557 917 607 978; x_wconf 90' lang='lat' dir='ltr'><strong>est</strong></span> <span class='ocrx_word' id='word_1_67' title='bbox 628 913 748 978; x_wconf 87' lang='lat' dir='ltr'><strong>fallere.</strong></span> <span class='ocrx_word' id='word_1_68' title='bbox 794 917 827 978; x_wconf 89' lang='lat' dir='ltr'><strong>et</strong></span> <span class='ocrx_word' id='word_1_69' title='bbox 854 913 958 978; x_wconf 83' lang='lat' dir='ltr'><strong>deest:</strong></span> <span class='ocrx_word' id='word_1_70' title='bbox 987 934 1057 978; x_wconf 87' lang='lat' dir='ltr'><strong>sua.</strong></span> <span class='ocrx_word' id='word_1_71' title='bbox 1140 914 1172 976; x_wconf 72' lang='lat' dir='ltr'><strong>lt</strong></span> 
     </span>
     <span class='ocr_line' id='line_1_10' title="bbox 174 1002 1172 1086; baseline -0.004 -18"><span class='ocrx_word' id='word_1_72' title='bbox 174 1025 243 1068; x_wconf 88' lang='lat' dir='ltr'><strong>nee</strong></span> <span class='ocrx_word' id='word_1_73' title='bbox 275 1003 420 1068; x_wconf 89' lang='lat' dir='ltr'><strong>furtum</strong></span> <span class='ocrx_word' id='word_1_74' title='bbox 451 1002 535 1068; x_wconf 83' lang='lat' dir='ltr'><strong>feei.</strong></span> <span class='ocrx_word' id='word_1_75' title='bbox 589 1002 653 1067; x_wconf 89' lang='lat' dir='ltr'><strong>hoe</strong></span> <span class='ocrx_word' id='word_1_76' title='bbox 680 1006 794 1066; x_wconf 85' lang='lat' dir='ltr'><strong>eontra</strong></span> <span class='ocrx_word' id='word_1_77' title='bbox 822 1024 891 1086; x_wconf 83' lang='lat' dir='ltr'><strong>eos,</strong></span> <span class='ocrx_word' id='word_1_78' title='bbox 923 1002 978 1086; x_wconf 89' lang='lat' dir='ltr'><strong>qui</strong></span> <span class='ocrx_word' id='word_1_79' title='bbox 1008 1024 1043 1066; x_wconf 86' lang='lat' dir='ltr'><strong>se</strong></span> <span class='ocrx_word' id='word_1_80' title='bbox 1075 1005 1172 1085; x_wconf 81' lang='lat' dir='ltr'><strong>putant</strong></span> 
     </span>
     <span class='ocr_line' id='line_1_11' title="bbox 136 1091 1172 1178; baseline -0.002 -25"><span class='ocrx_word' id='word_1_81' title='bbox 136 1092 300 1178; x_wconf 68' lang='lat' dir='ltr'><strong>indignos,</strong></span> <span class='ocrx_word' id='word_1_82' title='bbox 323 1091 399 1176; x_wconf 89' lang='lat' dir='ltr'><strong>quia</strong></span> <span class='ocrx_word' id='word_1_83' title='bbox 420 1113 488 1156; x_wconf 90' lang='lat' dir='ltr'><strong>non</strong></span> <span class='ocrx_word' id='word_1_84' title='bbox 511 1091 740 1174; x_wconf 77' lang='lat' dir='ltr'><strong>commiserint,</strong></span> <span class='ocrx_word' id='word_1_85' title='bbox 762 1113 820 1156; x_wconf 89' lang='lat' dir='ltr'><strong>cur</strong></span> <span class='ocrx_word' id='word_1_86' title='bbox 838 1091 1081 1156; x_wconf 71' lang='lat' dir='ltr'><strong>damnarentur.</strong></span> <span class='ocrx_word' id='word_1_87' title='bbox 1141 1091 1172 1152; x_wconf 79' lang='lat'><strong>49</strong></span> 
     </span>
     <span class='ocr_line' id='line_1_12' title="bbox 176 1179 1173 1266; baseline -0.005 -21"><span class='ocrx_word' id='word_1_88' title='bbox 176 1179 354 1245; x_wconf 81' lang='lat' dir='ltr'><strong>Sabellus</strong></span> <span class='ocrx_word' id='word_1_89' title='bbox 376 1180 439 1246; x_wconf 84' lang='lat' dir='ltr'><strong>hoe</strong></span> <span class='ocrx_word' id='word_1_90' title='bbox 462 1183 525 1244; x_wconf 92' lang='lat' dir='ltr'><strong>est:</strong></span> <span class='ocrx_word' id='word_1_91' title='bbox 549 1201 610 1266; x_wconf 83' lang='lat' dir='ltr'><strong>ego</strong></span> <span class='ocrx_word' id='word_1_92' title='bbox 633 1179 801 1245; x_wconf 75' lang='lat' dir='ltr'><strong>Horatius,</strong></span> <span class='ocrx_word' id='word_1_93' title='bbox 838 1181 893 1246; x_wconf 88' lang='lat' dir='ltr'><strong>sed</strong></span> <span class='ocrx_word' id='word_1_94' title='bbox 916 1181 954 1244; x_wconf 89' lang='lat' dir='ltr'><strong>in</strong></span> <span class='ocrx_word' id='word_1_95' title='bbox 973 1180 1039 1245; x_wconf 83' lang='lat' dir='ltr'><strong>hoa</strong></span> <span class='ocrx_word' id='word_1_96' title='bbox 1061 1179 1173 1244; x_wconf 80' lang='lat' dir='ltr'><strong>nomine</strong></span> 
     </span>
     <span class='ocr_line' id='line_1_13' title="bbox 176 1265 1173 1355; baseline -0.004 -22"><span class='ocrx_word' id='word_1_97' title='bbox 176 1273 227 1334; x_wconf 86' lang='lat' dir='ltr'><strong>est</strong></span> <span class='ocrx_word' id='word_1_98' title='bbox 259 1270 415 1353; x_wconf 81' lang='lat' dir='ltr'>quaedam</span> <span class='ocrx_word' id='word_1_99' title='bbox 445 1269 543 1334; x_wconf 83' lang='lat' dir='ltr'><strong>faeies</strong></span> <span class='ocrx_word' id='word_1_100' title='bbox 570 1269 778 1355; x_wconf 79' lang='lat' dir='ltr'><strong>integritatis.</strong></span> <span class='ocrx_word' id='word_1_101' title='bbox 836 1267 1056 1354; x_wconf 81' lang='lat' dir='ltr'><strong>Uergilius:</strong></span> <span class='ocrx_word' id='word_1_102' title='bbox 1085 1265 1173 1332; x_wconf 81' lang='lat' dir='ltr'><strong>Curi-</strong></span> 
     </span>
     <span class='ocr_line' id='line_1_14' title="bbox 175 1357 1174 1442; baseline -0.003 -19"><span class='ocrx_word' id='word_1_103' title='bbox 175 1359 322 1442; x_wconf 87' lang='lat' dir='ltr'><strong>busque</strong></span> <span class='ocrx_word' id='word_1_104' title='bbox 351 1358 506 1423; x_wconf 87' lang='lat' dir='ltr'><strong>seueris.</strong></span> <span class='ocrx_word' id='word_1_105' title='bbox 597 1358 640 1424; x_wconf 85' lang='lat'><strong>50</strong></span> <span class='ocrx_word' id='word_1_106' title='bbox 668 1361 802 1424; x_wconf 82' lang='lat' dir='ltr'><strong>cautus</strong></span> <span class='ocrx_word' id='word_1_107' title='bbox 836 1357 935 1422; x_wconf 91' lang='lat' dir='ltr'><strong>enim</strong></span> <span class='ocrx_word' id='word_1_108' title='bbox 967 1357 1108 1422; x_wconf 83' lang='lat' dir='ltr'><strong>metuit</strong></span> <span class='ocrx_word' id='word_1_109' title='bbox 1132 1357 1174 1420; x_wconf 89' lang='lat' dir='ltr'><strong>fo·</strong></span> 
     </span>
     <span class='ocr_line' id='line_1_15' title="bbox 175 1447 1174 1532; baseline -0.005 -20"><span class='ocrx_word' id='word_1_110' title='bbox 175 1470 293 1512; x_wconf 86' lang='lat' dir='ltr'><strong>ueam.</strong></span> <span class='ocrx_word' id='word_1_111' title='bbox 329 1447 491 1531; x_wconf 90' lang='lat' dir='ltr'><strong>nimirum,</strong></span> <span class='ocrx_word' id='word_1_112' title='bbox 509 1447 624 1532; x_wconf 87' lang='lat' dir='ltr'><strong>inquit,</strong></span> <span class='ocrx_word' id='word_1_113' title='bbox 648 1448 676 1512; x_wconf 89' lang='lat' dir='ltr'><strong>si</strong></span> <span class='ocrx_word' id='word_1_114' title='bbox 698 1447 784 1512; x_wconf 90' lang='lat' dir='ltr'><strong>idem</strong></span> <span class='ocrx_word' id='word_1_115' title='bbox 807 1450 925 1512; x_wconf 85' lang='lat' dir='ltr'><strong>eauent</strong></span> <span class='ocrx_word' id='word_1_116' title='bbox 938 1447 1041 1512; x_wconf 89' lang='lat' dir='ltr'><strong>etiam</strong></span> <span class='ocrx_word' id='word_1_117' title='bbox 1054 1467 1174 1530; x_wconf 78' lang='lat' dir='ltr'><strong>nequam</strong></span> 
     </span>
     <span class='ocr_line' id='line_1_16' title="bbox 137 1535 1175 1622; baseline -0.002 -24"><span class='ocrx_word' id='word_1_118' title='bbox 137 1557 163 1598; x_wconf 80' lang='lat'><strong>15</strong></span> <span class='ocrx_word' id='word_1_119' title='bbox 175 1537 310 1602; x_wconf 80' lang='lat' dir='ltr'><strong>bestiae.</strong></span> <span class='ocrx_word' id='word_1_120' title='bbox 374 1535 416 1600; x_wconf 80' lang='lat'><strong>52</strong></span> <span class='ocrx_word' id='word_1_121' title='bbox 439 1535 604 1600; x_wconf 89' lang='lat' dir='ltr'><strong>oderunt</strong></span> <span class='ocrx_word' id='word_1_122' title='bbox 626 1557 793 1621; x_wconf 85' lang='lat' dir='ltr'><strong>peecare.</strong></span> <span class='ocrx_word' id='word_1_123' title='bbox 830 1536 957 1622; x_wconf 83' lang='lat' dir='ltr'><strong>signate</strong></span> <span class='ocrx_word' id='word_1_124' title='bbox 976 1535 1105 1600; x_wconf 84' lang='lat' dir='ltr'><strong>loeutus</strong></span> <span class='ocrx_word' id='word_1_125' title='bbox 1126 1541 1175 1611; x_wconf 62' lang='lat' dir='ltr'><strong>est</strong></span> 
     </span>
     <span class='ocr_line' id='line_1_17' title="bbox 176 1623 1176 1709; baseline -0.004 -21"><span class='ocrx_word' id='word_1_126' title='bbox 176 1625 317 1709; x_wconf 86' lang='lat' dir='ltr'><strong>primum</strong></span> <span class='ocrx_word' id='word_1_127' title='bbox 331 1646 399 1689; x_wconf 93' lang='lat' dir='ltr'><strong>non</strong></span> <span class='ocrx_word' id='word_1_128' title='bbox 414 1623 542 1689; x_wconf 71' lang='lat' dir='ltr'><strong>‘timent</strong></span> <span class='ocrx_word' id='word_1_129' title='bbox 554 1624 709 1709; x_wconf 58' lang='lat' dir='ltr'><strong>percara,</strong></span> <span class='ocrx_word' id='word_1_130' title='bbox 732 1624 789 1689; x_wconf 90' lang='lat' dir='ltr'><strong>sed</strong></span> <span class='ocrx_word' id='word_1_131' title='bbox 803 1623 975 1707; x_wconf 74' lang='lat' dir='ltr'><strong>‘oderunt&#39;,</strong></span> <span class='ocrx_word' id='word_1_132' title='bbox 993 1623 1111 1690; x_wconf 83' lang='lat' dir='ltr'><strong>deinde</strong></span> <span class='ocrx_word' id='word_1_133' title='bbox 1123 1645 1176 1686; x_wconf 86' lang='lat' dir='ltr'><strong>nou</strong></span> 
     </span>
     <span class='ocr_line' id='line_1_18' title="bbox 178 1711 1176 1797; baseline -0.005 -19"><span class='ocrx_word' id='word_1_134' title='bbox 178 1713 253 1778; x_wconf 77' lang='lat' dir='ltr'><strong>‘aon</strong></span> <span class='ocrx_word' id='word_1_135' title='bbox 274 1716 363 1778; x_wconf 90' lang='lat' dir='ltr'><strong>metu</strong></span> <span class='ocrx_word' id='word_1_136' title='bbox 386 1713 586 1797; x_wconf 67' lang='lat' dir='ltr'><strong>poenarum,</strong></span> <span class='ocrx_word' id='word_1_137' title='bbox 608 1715 662 1780; x_wconf 83' lang='lat' dir='ltr'><strong>sed</strong></span> <span class='ocrx_word' id='word_1_138' title='bbox 683 1713 803 1778; x_wconf 78' lang='lat' dir='ltr'><strong>‘amore</strong></span> <span class='ocrx_word' id='word_1_139' title='bbox 826 1712 979 1778; x_wconf 86' lang='lat' dir='ltr'><strong>uirtutis&#39;.</strong></span> <span class='ocrx_word' id='word_1_140' title='bbox 1051 1713 1093 1778; x_wconf 81' lang='lat'><strong>53</strong></span> <span class='ocrx_word' id='word_1_141' title='bbox 1114 1711 1176 1774; x_wconf 87' lang='lat' dir='ltr'><strong>for·</strong></span> 
     </span>
     <span class='ocr_line' id='line_1_19' title="bbox 178 1800 1176 1887; baseline -0.003 -21"><span class='ocrx_word' id='word_1_142' title='bbox 178 1801 321 1867; x_wconf 88' lang='lat' dir='ltr'><strong>midine</strong></span> <span class='ocrx_word' id='word_1_143' title='bbox 343 1823 501 1886; x_wconf 87' lang='lat' dir='ltr'><strong>poenae.</strong></span> <span class='ocrx_word' id='word_1_144' title='bbox 537 1802 627 1867; x_wconf 87' lang='lat' dir='ltr'><strong>deest</strong></span> <span class='ocrx_word' id='word_1_145' title='bbox 649 1800 739 1887; x_wconf 71' lang='lat' dir='ltr'><strong>‘sed’‚</strong></span> <span class='ocrx_word' id='word_1_146' title='bbox 761 1806 799 1867; x_wconf 93' lang='lat' dir='ltr'><strong>ut</strong></span> <span class='ocrx_word' id='word_1_147' title='bbox 821 1802 879 1867; x_wconf 91' lang='lat' dir='ltr'><strong>sit:</strong></span> <span class='ocrx_word' id='word_1_148' title='bbox 903 1802 985 1868; x_wconf 90' lang='lat' dir='ltr'><strong>nihil</strong></span> <span class='ocrx_word' id='word_1_149' title='bbox 1005 1801 1176 1887; x_wconf 85' lang='lat' dir='ltr'><strong>quidemin</strong></span> 
     </span>
     <span class='ocr_line' id='line_1_20' title="bbox 177 1890 1176 1975; baseline -0.006 -20"><span class='ocrx_word' id='word_1_150' title='bbox 177 1894 210 1956; x_wconf 89' lang='lat' dir='ltr'><strong>te</strong></span> <span class='ocrx_word' id='word_1_151' title='bbox 238 1890 402 1975; x_wconf 81' lang='lat' dir='ltr'><strong>admittes,</strong></span> <span class='ocrx_word' id='word_1_152' title='bbox 435 1891 491 1956; x_wconf 88' lang='lat' dir='ltr'><strong>sed</strong></span> <span class='ocrx_word' id='word_1_153' title='bbox 518 1890 692 1956; x_wconf 86' lang='lat' dir='ltr'><strong>formidine</strong></span> <span class='ocrx_word' id='word_1_154' title='bbox 716 1913 852 1975; x_wconf 80' lang='lat' dir='ltr'><strong>poenae.</strong></span> <span class='ocrx_word' id='word_1_155' title='bbox 942 1891 985 1956; x_wconf 81' lang='lat'><strong>56</strong></span> <span class='ocrx_word' id='word_1_156' title='bbox 1015 1891 1176 1956; x_wconf 82' lang='lat' dir='ltr'><strong>damnum</strong></span> 
     </span>
     <span class='ocr_line' id='line_1_21' title="bbox 138 1979 1176 2064; baseline -0.002 -23"><span class='ocrx_word' id='word_1_157' title='bbox 138 1984 240 2045; x_wconf 80' lang='lat' dir='ltr'><strong>mest</strong></span> <span class='ocrx_word' id='word_1_158' title='bbox 261 2003 346 2046; x_wconf 87' lang='lat' dir='ltr'><strong>non.</strong></span> <span class='ocrx_word' id='word_1_159' title='bbox 400 1980 508 2044; x_wconf 89' lang='lat' dir='ltr'><strong>minus</strong></span> <span class='ocrx_word' id='word_1_160' title='bbox 536 1980 612 2064; x_wconf 88' lang='lat' dir='ltr'><strong>quia</strong></span> <span class='ocrx_word' id='word_1_161' title='bbox 639 1979 790 2064; x_wconf 86' lang='lat' dir='ltr'><strong>perdidit,</strong></span> <span class='ocrx_word' id='word_1_162' title='bbox 817 1981 870 2044; x_wconf 82' lang='lat' dir='ltr'><strong>eui</strong></span> <span class='ocrx_word' id='word_1_163' title='bbox 896 1979 1024 2044; x_wconf 82' lang='lat' dir='ltr'><strong>furatus</strong></span> <span class='ocrx_word' id='word_1_164' title='bbox 1054 2002 1100 2063; x_wconf 84' lang='lat' dir='ltr'><strong>es,</strong></span> <span class='ocrx_word' id='word_1_165' title='bbox 1123 2001 1176 2042; x_wconf 65' lang='lat'><strong>1101.¹</strong></span> 
     </span>
     <span class='ocr_line' id='line_1_22' title="bbox 178 2069 1176 2154; baseline -0.005 -22"><span class='ocrx_word' id='word_1_166' title='bbox 178 2069 285 2132; x_wconf 88' lang='lat' dir='ltr'><strong>minus</strong></span> <span class='ocrx_word' id='word_1_167' title='bbox 307 2069 361 2134; x_wconf 84' lang='lat' dir='ltr'><strong>fur</strong></span> <span class='ocrx_word' id='word_1_168' title='bbox 384 2091 426 2153; x_wconf 84' lang='lat' dir='ltr'><strong>es,</strong></span> <span class='ocrx_word' id='word_1_169' title='bbox 450 2091 547 2154; x_wconf 91' lang='lat' dir='ltr'><strong>quam</strong></span> <span class='ocrx_word' id='word_1_170' title='bbox 570 2069 598 2134; x_wconf 88' lang='lat' dir='ltr'><strong>si</strong></span> <span class='ocrx_word' id='word_1_171' title='bbox 621 2071 727 2134; x_wconf 91' lang='lat' dir='ltr'><strong>totum</strong></span> <span class='ocrx_word' id='word_1_172' title='bbox 750 2069 950 2134; x_wconf 87' lang='lat' dir='ltr'><strong>abstulisses.</strong></span> <span class='ocrx_word' id='word_1_173' title='bbox 1002 2073 1038 2134; x_wconf 91' lang='lat' dir='ltr'><strong>et</strong></span> <span class='ocrx_word' id='word_1_174' title='bbox 1061 2069 1120 2134; x_wconf 83' lang='lat' dir='ltr'><strong>hou</strong></span> <span class='ocrx_word' id='word_1_175' title='bbox 1141 2089 1176 2129; x_wconf 82' lang='lat' dir='ltr'><strong>se-</strong></span> 
     </span>
     <span class='ocr_line' id='line_1_23' title="bbox 179 2155 1175 2243; baseline -0.002 -23"><span class='ocrx_word' id='word_1_176' title='bbox 179 2157 319 2221; x_wconf 81' lang='lat' dir='ltr'><strong>cundum</strong></span> <span class='ocrx_word' id='word_1_177' title='bbox 342 2156 482 2242; x_wconf 79' lang='lat' dir='ltr'><strong>Stoicos,</strong></span> <span class='ocrx_word' id='word_1_178' title='bbox 506 2159 562 2243; x_wconf 92' lang='lat' dir='ltr'><strong>qui</strong></span> <span class='ocrx_word' id='word_1_179' title='bbox 585 2158 697 2222; x_wconf 87' lang='lat' dir='ltr'><strong>dieunt</strong></span> <span class='ocrx_word' id='word_1_180' title='bbox 718 2157 811 2242; x_wconf 85' lang='lat' dir='ltr'><strong>paria</strong></span> <span class='ocrx_word' id='word_1_181' title='bbox 833 2179 903 2223; x_wconf 91' lang='lat' dir='ltr'><strong>esse</strong></span> <span class='ocrx_word' id='word_1_182' title='bbox 925 2161 1071 2242; x_wconf 85' lang='lat' dir='ltr'><strong>peecata.</strong></span> <span class='ocrx_word' id='word_1_183' title='bbox 1145 2155 1175 2218; x_wconf 79' lang='lat' dir='ltr'><strong>ti</strong></span> 
     </span>
     <span class='ocr_line' id='line_1_24' title="bbox 178 2244 1175 2312; baseline 0.001 -6"><span class='ocrx_word' id='word_1_184' title='bbox 178 2244 238 2307; x_wconf 91' lang='lat' dir='ltr'><strong>uir</strong></span> <span class='ocrx_word' id='word_1_185' title='bbox 261 2245 382 2310; x_wconf 91' lang='lat' dir='ltr'><strong>bonus</strong></span> <span class='ocrx_word' id='word_1_186' title='bbox 402 2269 527 2312; x_wconf 90' lang='lat' dir='ltr'><strong>omne:</strong></span> <span class='ocrx_word' id='word_1_187' title='bbox 550 2247 665 2312; x_wconf 88' lang='lat' dir='ltr'><strong>ironia.</strong></span> <span class='ocrx_word' id='word_1_188' title='bbox 724 2246 971 2311; x_wconf 85' lang='lat' dir='ltr'><strong>60Lauerna.</strong></span> <span class='ocrx_word' id='word_1_189' title='bbox 1008 2247 1175 2311; x_wconf 85' lang='lat' dir='ltr'><strong>laruearun</strong></span> 
     </span>
     <span class='ocr_line' id='line_1_25' title="bbox 179 2332 1178 2420; baseline -0.002 -24"><span class='ocrx_word' id='word_1_190' title='bbox 179 2332 248 2412; x_wconf 88' lang='lat' dir='ltr'><strong>dea,</strong></span> <span class='ocrx_word' id='word_1_191' title='bbox 277 2354 360 2418; x_wconf 91' lang='lat' dir='ltr'><strong>quae</strong></span> <span class='ocrx_word' id='word_1_192' title='bbox 380 2335 509 2401; x_wconf 82' lang='lat' dir='ltr'><strong>furibus</strong></span> <span class='ocrx_word' id='word_1_193' title='bbox 531 2340 668 2420; x_wconf 87' lang='lat' dir='ltr'><strong>praeest.</strong></span> <span class='ocrx_word' id='word_1_194' title='bbox 758 2335 800 2401; x_wconf 88' lang='lat'><strong>63</strong></span> <span class='ocrx_word' id='word_1_195' title='bbox 824 2335 888 2420; x_wconf 91' lang='lat' dir='ltr'><strong>qui</strong></span> <span class='ocrx_word' id='word_1_196' title='bbox 911 2334 1051 2400; x_wconf 87' lang='lat' dir='ltr'><strong>melior</strong></span> <span class='ocrx_word' id='word_1_197' title='bbox 1074 2353 1178 2400; x_wconf 72' lang='lat' dir='ltr'><strong>serua.</strong></span> 
     </span>
     <span class='ocr_line' id='line_1_26' title="bbox 138 2421 1177 2507; baseline -0.004 -19"><span class='ocrx_word' id='word_1_198' title='bbox 138 2447 166 2488; x_wconf 78' lang='lat'><strong>25</strong></span> <span class='ocrx_word' id='word_1_199' title='bbox 180 2421 274 2486; x_wconf 91' lang='lat' dir='ltr'><strong>ordo:</strong></span> <span class='ocrx_word' id='word_1_200' title='bbox 297 2424 352 2505; x_wconf 79' lang='lat' dir='ltr'><strong>qui</strong></span> <span class='ocrx_word' id='word_1_201' title='bbox 373 2424 488 2488; x_wconf 87' lang='lat' dir='ltr'><strong>melior</strong></span> <span class='ocrx_word' id='word_1_202' title='bbox 511 2445 605 2489; x_wconf 86' lang='lat' dir='ltr'><strong>seruo</strong></span> <span class='ocrx_word' id='word_1_203' title='bbox 629 2423 672 2490; x_wconf 88' lang='lat' dir='ltr'><strong>sit</strong></span> <span class='ocrx_word' id='word_1_204' title='bbox 695 2445 825 2507; x_wconf 89' lang='lat' dir='ltr'><strong>auarus,</strong></span> <span class='ocrx_word' id='word_1_205' title='bbox 858 2445 927 2490; x_wconf 92' lang='lat' dir='ltr'><strong>non</strong></span> <span class='ocrx_word' id='word_1_206' title='bbox 953 2423 1060 2489; x_wconf 86' lang='lat' dir='ltr'><strong>uideo.</strong></span> <span class='ocrx_word' id='word_1_207' title='bbox 1146 2423 1177 2484; x_wconf 75' lang='lat' dir='ltr'><strong>b·</strong></span> 
     </span>
     <span class='ocr_line' id='line_1_27' title="bbox 179 2510 1177 2598; baseline -0.005 -23"><span class='ocrx_word' id='word_1_208' title='bbox 179 2510 343 2576; x_wconf 85' lang='lat' dir='ltr'><strong>uendere</strong></span> <span class='ocrx_word' id='word_1_209' title='bbox 373 2534 455 2576; x_wconf 84' lang='lat' dir='ltr'><strong>cum</strong></span> <span class='ocrx_word' id='word_1_210' title='bbox 482 2513 612 2597; x_wconf 88' lang='lat' dir='ltr'><strong>possis</strong></span> <span class='ocrx_word' id='word_1_211' title='bbox 640 2535 717 2597; x_wconf 87' lang='lat' dir='ltr'><strong>eap.</strong></span> <span class='ocrx_word' id='word_1_212' title='bbox 771 2513 834 2578; x_wconf 86' lang='lat' dir='ltr'><strong>hae</strong></span> <span class='ocrx_word' id='word_1_213' title='bbox 857 2513 1101 2598; x_wconf 84' lang='lat' dir='ltr'><strong>comparatione</strong></span> <span class='ocrx_word' id='word_1_214' title='bbox 1122 2511 1177 2574; x_wconf 77' lang='lat' dir='ltr'><strong>uult</strong></span> 
     </span>
     <span class='ocr_line' id='line_1_28' title="bbox 180 2600 1178 2685; baseline -0.003 -20"><span class='ocrx_word' id='word_1_215' title='bbox 180 2601 349 2666; x_wconf 87' lang='lat' dir='ltr'><strong>ostendere</strong></span> <span class='ocrx_word' id='word_1_216' title='bbox 375 2601 422 2665; x_wconf 91' lang='lat' dir='ltr'><strong>ita</strong></span> <span class='ocrx_word' id='word_1_217' title='bbox 450 2622 511 2667; x_wconf 92' lang='lat' dir='ltr'><strong>nos</strong></span> <span class='ocrx_word' id='word_1_218' title='bbox 538 2622 596 2685; x_wconf 91' lang='lat' dir='ltr'><strong>per</strong></span> <span class='ocrx_word' id='word_1_219' title='bbox 624 2602 797 2668; x_wconf 85' lang='lat' dir='ltr'><strong>stultitiam</strong></span> <span class='ocrx_word' id='word_1_220' title='bbox 820 2602 939 2666; x_wconf 84' lang='lat' dir='ltr'><strong>seruire</strong></span> <span class='ocrx_word' id='word_1_221' title='bbox 962 2600 1127 2684; x_wconf 82' lang='lat' dir='ltr'><strong>fortunae,</strong></span> <span class='ocrx_word' id='word_1_222' title='bbox 1152 2612 1178 2660; x_wconf 72' lang='lat' dir='ltr'><strong>ul</strong></span> 
     </span>
     <span class='ocr_line' id='line_1_29' title="bbox 180 2690 1178 2774; baseline -0.002 -20"><span class='ocrx_word' id='word_1_223' title='bbox 180 2691 301 2774; x_wconf 85' lang='lat' dir='ltr'><strong>captiui</strong></span> <span class='ocrx_word' id='word_1_224' title='bbox 333 2691 479 2756; x_wconf 88' lang='lat' dir='ltr'><strong>seruiunt</strong></span> <span class='ocrx_word' id='word_1_225' title='bbox 515 2690 655 2755; x_wconf 89' lang='lat' dir='ltr'><strong>dominis</strong></span> <span class='ocrx_word' id='word_1_226' title='bbox 692 2690 883 2773; x_wconf 83' lang='lat' dir='ltr'><strong>uiatoribus,</strong></span> <span class='ocrx_word' id='word_1_227' title='bbox 918 2691 1041 2755; x_wconf 88' lang='lat' dir='ltr'><strong>seruati</strong></span> <span class='ocrx_word' id='word_1_228' title='bbox 1073 2690 1178 2754; x_wconf 71' lang='lat' dir='ltr'><strong>scilieet</strong></span> 
     </span>
     <span class='ocr_line' id='line_1_30' title="bbox 179 2775 1177 2862; baseline -0.005 -21"><span class='ocrx_word' id='word_1_229' title='bbox 179 2799 248 2842; x_wconf 93' lang='lat' dir='ltr'><strong>non</strong></span> <span class='ocrx_word' id='word_1_230' title='bbox 275 2801 315 2843; x_wconf 85' lang='lat' dir='ltr'><strong>ex</strong></span> <span class='ocrx_word' id='word_1_231' title='bbox 342 2801 401 2845; x_wconf 89' lang='lat' dir='ltr'><strong>suo</strong></span> <span class='ocrx_word' id='word_1_232' title='bbox 429 2779 597 2844; x_wconf 81' lang='lat' dir='ltr'><strong>commodo</strong></span> <span class='ocrx_word' id='word_1_233' title='bbox 626 2779 682 2844; x_wconf 89' lang='lat' dir='ltr'><strong>sed</strong></span> <span class='ocrx_word' id='word_1_234' title='bbox 709 2801 748 2844; x_wconf 85' lang='lat' dir='ltr'><strong>ex</strong></span> <span class='ocrx_word' id='word_1_235' title='bbox 777 2800 889 2843; x_wconf 89' lang='lat' dir='ltr'><strong>eorum</strong></span> <span class='ocrx_word' id='word_1_236' title='bbox 911 2778 1110 2862; x_wconf 85' lang='lat' dir='ltr'><strong>humilitate,</strong></span> <span class='ocrx_word' id='word_1_237' title='bbox 1135 2775 1177 2859; x_wconf 88' lang='lat' dir='ltr'><strong>qui</strong></span> 
     </span>
     <span class='ocr_line' id='line_1_31' title="bbox 140 2866 1177 2949; baseline -0.003 -19"><span class='ocrx_word' id='word_1_238' title='bbox 140 2871 318 2949; x_wconf 77' lang='lat' dir='ltr'><strong>supersunt</strong></span> <span class='ocrx_word' id='word_1_239' title='bbox 339 2867 526 2934; x_wconf 90' lang='lat' dir='ltr'><strong>hominibus</strong></span> <span class='ocrx_word' id='word_1_240' title='bbox 550 2868 718 2933; x_wconf 73' lang='lat' dir='ltr'><strong>seruitutis</strong></span> <span class='ocrx_word' id='word_1_241' title='bbox 742 2868 813 2934; x_wconf 90' lang='lat' dir='ltr'><strong>sibi.</strong></span> <span class='ocrx_word' id='word_1_242' title='bbox 882 2868 925 2932; x_wconf 76' lang='lat'><strong>70</strong></span> <span class='ocrx_word' id='word_1_243' title='bbox 948 2869 1095 2933; x_wconf 88' lang='lat' dir='ltr'><strong>seruiet</strong></span> <span class='ocrx_word' id='word_1_244' title='bbox 1116 2866 1177 2929; x_wconf 85' lang='lat' dir='ltr'><strong>uti-</strong></span> 
     </span>
     <span class='ocr_line' id='line_1_32' title="bbox 179 2955 1178 3039; baseline -0.002 -22"><span class='ocrx_word' id='word_1_245' title='bbox 179 2955 271 3019; x_wconf 90' lang='lat' dir='ltr'><strong>liter</strong></span> <span class='ocrx_word' id='word_1_246' title='bbox 297 2956 360 3021; x_wconf 86' lang='lat' dir='ltr'><strong>hoc</strong></span> <span class='ocrx_word' id='word_1_247' title='bbox 387 2960 449 3022; x_wconf 92' lang='lat' dir='ltr'><strong>est:</strong></span> <span class='ocrx_word' id='word_1_248' title='bbox 483 2957 524 3022; x_wconf 89' lang='lat' dir='ltr'><strong>ad</strong></span> <span class='ocrx_word' id='word_1_249' title='bbox 551 2958 661 3022; x_wconf 90' lang='lat' dir='ltr'><strong>omnia</strong></span> <span class='ocrx_word' id='word_1_250' title='bbox 688 2955 749 3022; x_wconf 91' lang='lat' dir='ltr'><strong>tibi</strong></span> <span class='ocrx_word' id='word_1_251' title='bbox 777 2956 863 3022; x_wconf 86' lang='lat' dir='ltr'><strong>dieto</strong></span> <span class='ocrx_word' id='word_1_252' title='bbox 892 2955 1027 3022; x_wconf 89' lang='lat' dir='ltr'><strong>audiens</strong></span> <span class='ocrx_word' id='word_1_253' title='bbox 1054 2956 1127 3039; x_wconf 82' lang='lat' dir='ltr'><strong>erit,</strong></span> <span class='ocrx_word' id='word_1_254' title='bbox 1151 2966 1178 3015; x_wconf 82' lang='lat' dir='ltr'><strong>ut</strong></span> 
     </span>
     <span class='ocr_line' id='line_1_33' title="bbox 180 3044 1177 3130; baseline -0.006 -22"><span class='ocrx_word' id='word_1_255' title='bbox 180 3045 300 3108; x_wconf 90' lang='lat' dir='ltr'><strong>stultus</strong></span> <span class='ocrx_word' id='word_1_256' title='bbox 327 3045 557 3128; x_wconf 81' lang='lat' dir='ltr'><strong>cupiditatibus</strong></span> <span class='ocrx_word' id='word_1_257' title='bbox 589 3048 622 3108; x_wconf 90' lang='lat' dir='ltr'><strong>et</strong></span> <span class='ocrx_word' id='word_1_258' title='bbox 652 3046 804 3110; x_wconf 85' lang='lat' dir='ltr'><strong>fortunae</strong></span> <span class='ocrx_word' id='word_1_259' title='bbox 837 3044 1019 3130; x_wconf 90' lang='lat' dir='ltr'><strong>obsequens</strong></span> <span class='ocrx_word' id='word_1_260' title='bbox 1049 3044 1126 3110; x_wconf 82' lang='lat' dir='ltr'><strong>facit</strong></span> <span class='ocrx_word' id='word_1_261' title='bbox 1154 3046 1177 3103; x_wconf 73' lang='lat' dir='ltr'><strong>et</strong></span> 
     </span>
    </p>
   </div>
   <div class='ocr_carea' id='block_1_3' title="bbox 252 3203 488 3270">
    <p class='ocr_par' dir='ltr' id='par_1_3' title="bbox 252 3203 488 3270">
     <span class='ocr_line' id='line_1_34' title="bbox 252 3203 488 3270; baseline 0.008 -14"><span class='ocrx_word' id='word_1_262' title='bbox 252 3209 284 3257; x_wconf 80' lang='lat'><strong>12</strong></span> <span class='ocrx_word' id='word_1_263' title='bbox 304 3203 373 3257; x_wconf 86' lang='lat' dir='ltr'><strong>Aen.</strong></span> <span class='ocrx_word' id='word_1_264' title='bbox 392 3207 417 3270; x_wconf 85' lang='grc'><strong>8,</strong></span> <span class='ocrx_word' id='word_1_265' title='bbox 437 3208 488 3258; x_wconf 84' lang='grc'><strong>638</strong></span> 
     </span>
    </p>
   </div>
   <div class='ocr_carea' id='block_1_4' title="bbox 175 3342 1179 3681">
    <p class='ocr_par' dir='ltr' id='par_1_4' title="bbox 175 3342 1178 3547">
     <span class='ocr_line' id='line_1_35' title="bbox 252 3342 1177 3402; baseline 0 -4"><span class='ocrx_word' id='word_1_266' title='bbox 252 3351 267 3397; x_wconf 90' lang='lat'>1</span> <span class='ocrx_word' id='word_1_267' title='bbox 286 3361 360 3398; x_wconf 86' lang='lat' dir='ltr'><strong>sum:</strong></span> <span class='ocrx_word' id='word_1_268' title='bbox 380 3360 444 3398; x_wconf 89' lang='lat' dir='ltr'><strong>eum</strong></span> <span class='ocrx_word' id='word_1_269' title='bbox 463 3344 501 3397; x_wconf 99' lang='lat' dir='ltr'><strong><em>M</em></strong></span> <span class='ocrx_word' id='word_1_270' title='bbox 580 3349 596 3397; x_wconf 82' lang='lat'><strong>3</strong></span> <span class='ocrx_word' id='word_1_271' title='bbox 616 3342 734 3398; x_wconf 77' lang='lat' dir='ltr'><strong>dixerim</strong></span> <span class='ocrx_word' id='word_1_272' title='bbox 754 3345 792 3398; x_wconf 87' lang='grc' dir='ltr'><strong>Μ</strong></span> <span class='ocrx_word' id='word_1_273' title='bbox 871 3351 887 3401; x_wconf 84' lang='grc'><strong>6</strong></span> <span class='ocrx_word' id='word_1_274' title='bbox 906 3345 1035 3402; x_wconf 78' lang='lat' dir='ltr'><strong>hnonlan</strong></span> <span class='ocrx_word' id='word_1_275' title='bbox 1055 3343 1092 3398; x_wconf 92' lang='lat' dir='ltr'><strong><em>M</em></strong></span> <span class='ocrx_word' id='word_1_276' title='bbox 1166 3345 1177 3392; x_wconf 77' lang='lat' dir='ltr'><strong>l</strong></span> 
     </span>
     <span class='ocr_line' id='line_1_36' title="bbox 180 3412 1177 3486; baseline 0.003 -20"><span class='ocrx_word' id='word_1_277' title='bbox 180 3413 260 3467; x_wconf 82' lang='lat' dir='ltr'><strong>deest</strong></span> <span class='ocrx_word' id='word_1_278' title='bbox 278 3412 419 3468; x_wconf 81' lang='lat' dir='ltr'><strong>Hautbal:</strong></span> <span class='ocrx_word' id='word_1_279' title='bbox 438 3413 472 3468; x_wconf 86' lang='lat' dir='ltr'><strong>de</strong></span> <span class='ocrx_word' id='word_1_280' title='bbox 493 3414 530 3467; x_wconf 87' lang='lat' dir='ltr'><strong><em>M</em></strong></span> <span class='ocrx_word' id='word_1_281' title='bbox 639 3420 673 3469; x_wconf 87' lang='lat'><strong>10</strong></span> <span class='ocrx_word' id='word_1_282' title='bbox 691 3414 791 3486; x_wconf 78' lang='lat' dir='ltr'><strong>dignos</strong></span> <span class='ocrx_word' id='word_1_283' title='bbox 810 3415 893 3472; x_wconf 85' lang='lat' dir='ltr'><strong>laude</strong></span> <span class='ocrx_word' id='word_1_284' title='bbox 914 3435 932 3486; x_wconf 87' lang='grc' dir='ltr'><em>ς</em></span> <span class='ocrx_word' id='word_1_285' title='bbox 1037 3417 1090 3472; x_wconf 78' lang='lat' dir='ltr'><strong>sat.</strong></span> <span class='ocrx_word' id='word_1_286' title='bbox 1109 3433 1133 3469; x_wconf 79' lang='lat' dir='ltr'><strong>a.</strong></span> <span class='ocrx_word' id='word_1_287' title='bbox 1150 3415 1177 3464; x_wconf 65' lang='lat' dir='ltr'><strong>ll</strong></span> 
     </span>
     <span class='ocr_line' id='line_1_37' title="bbox 175 3483 1178 3547; baseline 0.006 -13"><span class='ocrx_word' id='word_1_288' title='bbox 175 3488 241 3547; x_wconf 74' lang='lat' dir='ltr'><strong>post</strong></span> <span class='ocrx_word' id='word_1_289' title='bbox 258 3483 313 3536; x_wconf 80' lang='lat' dir='ltr'><strong>acb.</strong></span> <span class='ocrx_word' id='word_1_290' title='bbox 331 3499 358 3535; x_wconf 81' lang='lat' dir='ltr'><strong>a.</strong></span> <span class='ocrx_word' id='word_1_291' title='bbox 379 3489 415 3537; x_wconf 86' lang='lat'><strong>50</strong></span> <span class='ocrx_word' id='word_1_292' title='bbox 433 3484 465 3536; x_wconf 77' lang='lat' dir='ltr'><strong>in</strong></span> <span class='ocrx_word' id='word_1_293' title='bbox 484 3485 523 3536; x_wconf 91' lang='lat' dir='ltr'><strong><em>M</em></strong></span> <span class='ocrx_word' id='word_1_294' title='bbox 603 3489 635 3540; x_wconf 84' lang='lat'><strong>13</strong></span> <span class='ocrx_word' id='word_1_295' title='bbox 656 3502 731 3540; x_wconf 84' lang='lat' dir='ltr'><strong>anun</strong></span> <span class='ocrx_word' id='word_1_296' title='bbox 749 3505 786 3542; x_wconf 90' lang='lat' dir='ltr'><strong>m.</strong></span> <span class='ocrx_word' id='word_1_297' title='bbox 806 3485 825 3541; x_wconf 82' lang='lat' dir='ltr'><strong>f.</strong></span> <span class='ocrx_word' id='word_1_298' title='bbox 846 3487 884 3541; x_wconf 90' lang='lat' dir='ltr'><strong><em>M</em></strong></span> <span class='ocrx_word' id='word_1_299' title='bbox 969 3495 1002 3542; x_wconf 78' lang='grc'><strong>17</strong></span> <span class='ocrx_word' id='word_1_300' title='bbox 1021 3503 1075 3542; x_wconf 87' lang='lat' dir='ltr'><strong>non</strong></span> <span class='ocrx_word' id='word_1_301' title='bbox 1088 3483 1178 3540; x_wconf 67' lang='lat' dir='ltr'><strong>addidi</strong></span> 
     </span>
    </p>

    <p class='ocr_par' dir='ltr' id='par_1_5' title="bbox 181 3551 1179 3681">
     <span class='ocr_line' id='line_1_38' title="bbox 251 3551 1179 3628; baseline 0.012 -26"><span class='ocrx_word' id='word_1_302' title='bbox 251 3557 286 3603; x_wconf 83' lang='lat'><strong>20</strong></span> <span class='ocrx_word' id='word_1_303' title='bbox 305 3551 371 3617; x_wconf 88' lang='lat' dir='ltr'><strong>quia</strong></span> <span class='ocrx_word' id='word_1_304' title='bbox 388 3567 452 3606; x_wconf 79' lang='lat' dir='ltr'><strong>aas:</strong></span> <span class='ocrx_word' id='word_1_305' title='bbox 471 3555 540 3621; x_wconf 77' lang='lat' dir='ltr'><strong>quid</strong></span> <span class='ocrx_word' id='word_1_306' title='bbox 560 3556 597 3609; x_wconf 92' lang='lat' dir='ltr'><strong><em>M</em></strong></span> <span class='ocrx_word' id='word_1_307' title='bbox 677 3561 712 3610; x_wconf 74' lang='lat'><strong>24</strong></span> <span class='ocrx_word' id='word_1_308' title='bbox 729 3561 825 3628; x_wconf 84' lang='lat' dir='ltr'><strong>praest</strong></span> <span class='ocrx_word' id='word_1_309' title='bbox 846 3557 883 3610; x_wconf 92' lang='lat' dir='ltr'><strong><em>M</em></strong></span> <span class='ocrx_word' id='word_1_310' title='bbox 959 3575 1028 3626; x_wconf 89' lang='lat' dir='ltr'><strong>qum</strong></span> <span class='ocrx_word' id='word_1_311' title='bbox 1047 3557 1083 3611; x_wconf 89' lang='lat' dir='ltr'><strong><em>M</em></strong></span> <span class='ocrx_word' id='word_1_312' title='bbox 1152 3559 1179 3604; x_wconf 70' lang='lat' dir='ltr'><strong>‘lt</strong></span> 
     </span>
     <span class='ocr_line' id='line_1_39' title="bbox 181 3619 674 3681; baseline 0.022 -12"><span class='ocrx_word' id='word_1_313' title='bbox 181 3620 299 3672; x_wconf 76' lang='lat' dir='ltr'><strong>seruatis</strong></span> <span class='ocrx_word' id='word_1_314' title='bbox 319 3619 358 3671; x_wconf 91' lang='lat' dir='ltr'><strong><em>M</em></strong></span> <span class='ocrx_word' id='word_1_315' title='bbox 427 3627 462 3676; x_wconf 88' lang='grc'><strong>30</strong></span> <span class='ocrx_word' id='word_1_316' title='bbox 486 3629 617 3679; x_wconf 81' lang='lat' dir='ltr'><strong>serurturr</strong></span> <span class='ocrx_word' id='word_1_317' title='bbox 637 3628 674 3681; x_wconf 93' lang='lat' dir='ltr'><strong><em>M</em></strong></span> 
     </span>
    </p>
   </div>
   <div class='ocr_carea' id='block_1_5' title="bbox 0 0 1205 3924">
    <p class='ocr_par' dir='ltr' id='par_1_6' title="bbox 0 0 1205 3924">
     <span class='ocr_line' id='line_1_40' title="bbox 0 0 1205 3924; baseline 0 0"><span class='ocrx_word' id='word_1_318' title='bbox 0 0 1205 3924; x_wconf 95' lang='lat' dir='ltr'><strong> </strong></span> 
     </span>
    </p>
   </div>
  </div>
 </body>
</html>
