2378 3934
320 159 500 218 EPISTULA
519 159 539 228 1,
559 165 583 226 r,
604 164 717 224 se—ro
738 164 779 212 ιο.
995 156 1059 221 211

56 321 184 387 Carinae
198 323 289 388 locus
311 324 346 388 in
369 323 457 407 urbe,
476 318 532 386 ubi
551 328 584 386 ct
596 321 795 407 Pompeiana
814 322 936 386 domus.
968 319 1060 386 Uer-

56 412 180 496 gilius:
203 411 337 476 Lentis
364 413 513 498 mugire
541 409 702 476 Carinis.
747 410 832 476 foro
856 409 1017 474 distare:
1041 432 1061 474 a

55 501 119 566 fore
146 501 245 585 longe
268 522 346 565 esse.
422 501 464 565 59
488 503 527 564 et
547 499 650 564 ludis
674 504 711 564 et
734 504 822 583 post
844 499 973 564 decise
994 520 1059 563 ne·

57 589 155 672 gotia
178 610 319 673 campo
364 593 398 654 et
419 589 472 653 hic
495 588 766 653 subaudiendum:
791 586 993 672 gaudentem.

58 678 92 741 13
113 678 268 743 taudem
291 678 497 744 dormitum
520 677 732 742 dimittitur
755 677 814 741 leic
831 677 893 740 uti
910 696 1016 758 saepe
1033 682 1087 740 elo

56 765 174 848 relique.
224 766 429 852 allegoricos:
459 769 633 851 postquam
655 765 879 850 frequentibus
902 765 989 829 cenis
1012 765 1060 828 in·

5 881 6 898 1
57 859 247 920 escatusest.
301 855 705 939 92polmemiserum.
737 853 1060 939 poliusiurandum.

420 1047 601 1103 seierum
620 1055 643 1116 1,
662 1054 687 1102 s.

135 1157 188 1220 Ad
212 1156 455 1224 Albinouanum
483 1155 626 1241 Celsum,
657 1157 709 1221 cui
737 1156 861 1220 indicat
893 1156 993 1220 animi
1027 1178 1060 1220 se

60 1245 251 1330 aegritudine
287 1245 435 1310 laborare
471 1266 575 1330 neque
608 1245 781 1329 quicquam
818 1266 942 1328 eorum,
979 1265 1060 1329 quae
1075 1262 1101 1301 10

58 1336 136 1397 recte
158 1337 276 1418 essent,
298 1333 360 1399 sibi
382 1335 518 1417 placere.
588 1334 630 1398 10
653 1353 783 1398 arcere
804 1336 982 1398 ueterno:
1005 1338 1062 1415 λη-

8 1451 9 1458 ¹
59 1425 183 1506 tapyc'u.
245 1423 285 1487 13
308 1423 514 1506 posthaec
537 1427 578 1486 ut
600 1418 740 1487 ualeat.
784 1421 1061 1506 pro:quomodo.

139 1511 181 1575 14
207 1515 326 1595 utque
354 1511 521 1576 cohorti:
550 1510 781 1577 adsessoribus.
873 1511 913 1574 17
946 1514 989 1574 ut
1019 1513 1061 1574 tu

59 1599 245 1663 fortunam
268 1600 323 1664 sic
346 1622 415 1665 nos
442 1604 479 1664 te
503 1598 614 1665 Oelse
637 1600 812 1664 feremus.
857 1599 999 1663 indicato
1022 1599 1061 1682 ei,

8 1711 9 1724 ¹
60 1688 166 1772 inquit,
194 1692 228 1752 et
253 1689 457 1753 insusurrato
480 1691 501 1769 †
528 1688 687 1771 futurum,
714 1690 751 1752 ut
776 1688 847 1772 ipse
873 1686 1060 1752 felicitatem
1075 1703 1102 1744 15

7 1801 9 1864 j
60 1798 139 1840 suam
161 1780 195 1841 et
217 1797 404 1860 processum
426 1778 462 1841 in
484 1778 659 1842 amicitiam
673 1775 789 1843 claudi
802 1798 870 1841 non
883 1777 1061 1841 insolenter

7 1917 8 1956 ζ
59 1865 166 1949 tulerit,
188 1866 236 1930 ita
258 1887 319 1930 noe
343 1888 471 1951 quoque
488 1870 657 1951 tamquam
675 1887 743 1931 non
761 1865 915 1930 insolenti
934 1865 1062 1929 futuros

6 1976 11 2003 ·
66 1975 184 2020 amicos.

6 2038 12 2172 p
422 2040 603 2097 uersuum
621 2049 645 2109 1,
664 2047 689 2097 o.

137 2149 189 2213 Ad
226 2147 399 2214 Neronem.
455 2148 664 2233 Septimius
697 2146 836 2213 Claudi
871 2149 1103 2213 nimirums

63 2233 241 2321 Septimium
264 2239 401 2303 amicum
425 2261 519 2304 suum
541 2237 667 2303 Neroni
689 2237 908 2322 commendat,
936 2237 975 2302 de
998 2259 1062 2322 quo

63 2327 90 2388 et
108 2327 139 2390 in
162 2327 341 2392 carminum
363 2327 455 2392 libris
481 2326 643 2412 Septimi
667 2325 786 2392 Gadis
809 2326 965 2392 aditure
988 2347 1063 2390 me-

63 2435 133 2478 cum
155 2416 209 2480 ait.

414 2501 595 2556 uersuum
615 2508 638 2572 1,
659 2509 701 2557 ιο.

138 2609 254 2675 Urbis
269 2614 478 2677 amatorem
492 2611 663 2676 Fuscum.
686 2608 738 2674 Ad
747 2610 908 2674 Aristium
921 2609 1063 2675 Fuscum
1077 2626 1105 2667 2⁵

65 2696 240 2782 scriptorem
272 2700 520 2765 comoediarum.
601 2699 623 2765 5
653 2699 777 2764 uetuli
809 2698 968 2783 notique
1001 2720 1063 2783 cp·

64 2784 180 2873 lumbi,
217 2789 293 2873 quia
329 2788 487 2872 plurimus
524 2811 615 2854 amor
651 2788 882 2853 columbarum.
965 2788 985 2853 6
1022 2792 1063 2852 tu

64 2874 178 2940 nidum
207 2898 354 2942 seruas:
382 2877 469 2942 domi
496 2899 609 2942 manes
636 2881 682 2942 ut
700 2878 770 2942 auis
793 2877 829 2942 in
851 2877 938 2944 nido.
1022 2876 1063 2940 10

64 2967 165 3048 utque
189 2964 406 3031 sacerdotis
429 2965 625 3052 fugitiuus
648 2966 728 3031 liba
751 2988 896 3033 recuso.
942 2967 996 3052 sic,
1015 2965 1063 3030 in-

64 3086 261 3098 -α-...ψ-ι-

123 3139 223 3194 1Aen.
243 3145 268 3208 e,
287 3146 339 3195 ser
413 3146 446 3194 22
467 3139 518 3196 od.
539 3147 564 3210 2,
584 3147 608 3208 e,
630 3149 642 3194 1

5 3249 6 3252 =
64 3246 262 3260 »ξι-

4 3317 5 3320 ’
122 3299 306 3355 2122212111
371 3301 503 3354 51222122
521 3301 669 3369 ampliauit
687 3299 722 3352 H
737 3299 893 3369 Stephanus
957 3305 988 3353 11
1008 3301 1063 3355 sch.

64 3383 85 3421 c.
100 3376 133 3425 10
147 3376 211 3440 post
228 3371 283 3425 221.
301 3388 330 3424 u.
349 3375 385 3425 13
403 3373 436 3426 ia
454 3372 493 3425 M
564 3377 597 3425 13
616 3372 670 3426 sot.
689 3387 717 3424 a.
737 3375 772 3424 14
791 3371 934 3426 delendum
951 3371 1064 3425 uidctm

123 3441 285 3497 refertum
304 3442 343 3495 M
403 3442 529 3498 rudrceto
549 3442 588 3495 Μ
650 3447 682 3496 15
706 3441 832 3496 firturum
850 3443 900 3496 del.
920 3440 1064 3509 Huutleal5

62 3509 114 3574 sort.
130 3515 208 3582 ploce.
228 3513 267 3568 cd
284 3513 426 3568 insolitum
443 3513 640 3582 imperatieuun
662 3511 755 3579 futuri
771 3512 897 3567 iudicato
916 3517 954 3566 eet
971 3513 1016 3566 uel
1033 3512 1064 3566 in
1183 3503 1184 3554 l

4 3615 5 3618 =
63 3596 144 3637 aurem
158 3583 242 3639 'ecrit
308 3589 341 3639 16
360 3583 485 3638 amicitie
502 3585 560 3639 cod.
578 3582 676 3638 Bamt.
696 3582 761 3636 Aer.
826 3589 860 3638 25
880 3583 914 3651 cs.
934 3583 972 3637 ud
984 3599 1062 3636 serm.

62 3657 83 3716 1,
98 3659 139 3722 10,
157 3659 194 3710 60
267 3655 447 3709 2812212212
466 3654 505 3707 M
575 3658 609 3707 29
627 3651 766 3722 fugrtrbus
786 3653 825 3706 Μ
