2378 3934
322 121 503 178 EPISTULA
521 125 542 192 1,
563 129 588 188 1,
607 129 719 179 ae-oo.
966 123 1032 188 269

26 290 72 371 qni
97 289 219 353 amicae
244 286 418 351 aduentum
440 287 514 352 falsi
537 292 718 372 expectant,
740 289 793 352 nel
807 289 863 372 qui
876 309 934 372 per
948 289 1032 354 diem

27 380 195 460 operantur
217 379 255 440 ut
276 376 341 440 illis
364 375 432 439 dies
449 376 572 462 longus
595 381 653 441 est.
734 377 776 442 28
805 399 881 442 non
904 379 1031 461 possis

27 467 132 531 oculo
156 468 344 550 quantum
366 466 608 530 contendere.
654 465 705 530 his
728 467 910 552 respondet,
933 467 988 549 qni
1012 489 1031 530 a

8 554 125 620 ¹studio
163 554 341 639 sapientiae
377 552 576 620 deterrentes
613 559 736 639 negant
774 555 950 639 perfectam
982 577 1031 619 sa·

28 643 176 724 pientiam
200 664 394 728 quemqnam
422 643 622 726 adsecutum,
645 643 753 709 dicens
776 647 947 709 contentos
970 666 1058 709 noss

28 753 89 796 esse
126 732 241 796 debere
279 731 572 816 quantulocumque
610 732 751 816 adfectu,
783 754 848 816 quo
884 738 1030 798 carentes

7 821 130 904 ‘otique
154 821 329 905 deteriores
348 822 476 886 erimus.
535 821 578 887 36
601 822 730 886 laudis
754 843 880 886 amore
898 825 1030 886 tumes.

6 910 65 984 tait
92 909 201 974 inanis
229 909 351 994 gloriae
378 909 587 994 cupiditatem
615 913 653 974 ut
675 911 891 994 perniciosum
914 910 1030 975 uitium

28 997 256 1081 captationibus
279 997 471 1082 quibusdam
491 999 598 1063 sanari
621 1019 730 1082 posse3
753 999 862 1084 itaque
881 999 1031 1064 decenter

6 1139 7 1172 ;
28 1087 151 1150 subicit.
165 1086 226 1152 ‘ter
252 1109 332 1171 pure
359 1088 443 1152 lecto
467 1087 599 1171 libello',
621 1089 711 1152 uelut
729 1088 770 1151 ad
785 1087 1031 1154 sacrificandum
1047 1113 1072 1152 oo

6 1179 106 1238 'caste
134 1198 172 1240 ac
201 1175 277 1241 lotis
300 1175 450 1242 manibus
474 1177 690 1242 accedendum
713 1179 839 1259 putant.
906 1177 951 1242 45
973 1178 1031 1241 in·

28 1265 128 1348 piger
151 1269 343 1331 extremos
368 1267 491 1330 curris
514 1268 706 1332 mercator
729 1265 774 1328 ad
796 1263 924 1330 Indos.
969 1266 1030 1332 hoc

28 1353 89 1416 loeo
112 1352 356 1439 Theognidis
378 1374 492 1420 uersus
515 1355 660 1419 imitatus
683 1356 741 1436 est,
764 1354 820 1437 qni
842 1354 888 1417 ait

4 1457 5 1526 j
64 1437 133 1526 Χρὴ
158 1445 279 1525 πενίην
302 1437 472 1524 φεύγοντα
495 1441 549 1506 καὶ
574 1441 607 1520 ἐς
629 1437 820 1526 βαθυκήτεα
843 1437 970 1508 πόντον

66 1526 210 1612 Φεύγειν
232 1528 287 1594 καὶ
310 1531 451 1614 πετρῶν,
474 1527 600 1615 Κύρνε,
622 1525 694 1596 κατ’
719 1523 897 1614 ἠλιβάτων.
1045 1551 1070 1592 15

83 1619 127 1684 49
141 1623 180 1683 et
197 1621 339 1686 circum
363 1621 531 1705 corn‘pita
553 1641 715 1706 pugnax.
748 1619 956 1685 similitudine
976 1620 1029 1685 ad-

3 1733 4 1782 3
30 1711 137 1790 monet,
160 1713 197 1772 ut
219 1731 239 1772 a
261 1710 371 1793 parnis
385 1709 427 1773 ad
440 1710 564 1775 maiora
577 1710 664 1775 bona
679 1708 870 1792 cupiditates
885 1709 1029 1774 confera-

30 1818 98 1861 mus.
130 1798 204 1863 530
218 1797 323 1863 ciues
338 1799 443 1864 eines
458 1799 676 1883 quaerenda
690 1799 854 1882 pecnnia
867 1798 1030 1882 primum

2 1925 3 1956 o
30 1891 84 1950 est.
129 1887 171 1951 ad
185 1886 282 1952 Ianos
305 1909 370 1971 eos,
392 1888 448 1972 qui
472 1891 548 1953 sunt
566 1889 602 1952 in
615 1887 748 1974 regione
762 1886 914 1952 basilicae
927 1886 1029 1970 Pauli,

2 1973 3 2064 J
31 1975 235 2042 faeneratores
259 1977 450 2061 consistunt,
473 1999 493 2041 a
516 1977 632 2062 quibus
650 1976 722 2041 uult
739 1979 906 2059 tamquam
925 1998 944 2040 a
963 1997 1029 2039 ma·
1044 1997 1070 2034 so

2 2095 3 2154 p
30 2064 128 2147 gistris
151 2065 258 2130 doceri
276 2065 440 2151 populum,
459 2087 501 2131 ne
520 2066 598 2151 qnid
610 2066 713 2150 plnris
727 2064 864 2149 pecunia
877 2064 1029 2128 habeant.

2 2161 3 2216 l
31 2175 101 2218 unus
130 2155 217 2218 enim
244 2153 310 2218 illic
337 2153 436 2220 Ianus
466 2155 501 2219 in
534 2177 673 2237 summo,
706 2155 788 2219 alins
815 2153 850 2217 in
877 2153 942 2217 imo
971 2158 1030 2237 est,

30 2263 98 2323 qnos
121 2243 202 2307 haec
224 2241 347 2308 inducit
369 2265 509 2308 monere.
577 2243 621 2309 55
647 2244 740 2309 haee
769 2242 949 2308 recinunt
970 2242 1029 2306 iu·

2 2379 3 2410 p
30 2351 143 2395 osnes.
184 2332 378 2396 recinunt:
403 2332 630 2398 adsentiuntur
652 2336 685 2398 et
708 2334 800 2416 quasi
822 2331 1029 2415 respondent.

2 2423 3 2456 o
105 2420 149 2485 62
185 2419 328 2485 Roscia
364 2421 424 2486 dic
456 2423 577 2487 sodes.
636 2423 688 2486 lex
719 2421 838 2487 Roscia
870 2426 933 2506 est,
965 2437 1069 2505 quaro

31 2514 159 2591 canetur,
181 2513 219 2572 ut
241 2510 396 2591 proximis
420 2510 461 2575 ab
485 2511 650 2576 orchestra
669 2509 767 2576 XIIII
785 2510 939 2596 gradibus
958 2533 1029 2595 spe-

31 2617 119 2697 ctent,
148 2615 265 2699 quibus
294 2637 409 2682 census
437 2621 487 2682 est
505 2615 559 2683 SS
578 2615 694 2683 0000.
739 2618 774 2681 in
796 2617 860 2682 hoc
883 2636 959 2701 ergo
984 2617 1030 2680 ait

31 2721 115 2766 unum
149 2725 307 2789 quemque
339 2706 519 2789 elaborare,
555 2710 592 2771 ut
628 2707 765 2791 amplius
797 2704 1029 2792 patrimonium

31 2787 147 2877 habeat,
169 2793 265 2857 utin
287 2795 544 2879 quattuordecim
568 2795 735 2860 ordinibus
758 2795 873 2860 sedens
897 2794 1029 2878 propius

33 2884 140 2959 spectet
166 2879 273 2966 Puppi
305 2887 464 2966 poemata.
523 2889 636 2950 contra
668 2884 761 2969 pueri
793 2884 867 2949 lusu
898 2887 1029 2949 cantare
1044 2903 1070 2944 eo

33 2967 121 3033 solent
143 2969 221 3034 Rex
250 2972 324 3036 erit
346 2973 411 3055 qui
433 2975 535 3038 recte
558 2973 692 3057 faciet,
722 2971 789 3057 qni
809 2994 887 3037 non
909 2973 1030 3039 faciet

35 3081 229 3094 *ffl-

89 3132 120 3180 13
140 3127 281 3196 Theognis
302 3134 353 3183 175

88 3256 103 3304 5
122 3251 335 3306 adsecuturum?
426 3263 442 3311 9
467 3253 673 3326 expiationibus
701 3255 775 3310 Patr.
795 3255 912 3310 Daniel:
931 3272 1029 3326 exspe-

35 3321 165 3389 ctabomb3
186 3321 225 3374 M
295 3327 337 3380 ut
354 3329 451 3396 rtaqne
471 3327 509 3381 M
586 3335 619 3381 10
636 3330 680 3382 ter
698 3343 780 3396 pure:
801 3343 900 3395 supere
920 3327 958 3380 M

37 3395 172 3461 llpntant
189 3407 255 3447 nos:
273 3397 357 3466 putat
376 3397 414 3452 M
467 3404 501 3453 14
519 3395 722 3458 ΦΕῩΓΟΝΤὰ(
742 3398 780 3452 Μ
833 3403 865 3452 15
884 3397 1027 3452 ΦΕΥΓΕΙΝ

37 3463 64 3518 Μ
67 3484 73 3515 :
89 3461 195 3533 διντεῖν
214 3465 290 3522 codd.
312 3468 430 3539 Thespro
449 3475 474 3524 et
491 3471 655 3539 saeptorum
673 3487 692 3524 u
709 3470 809 3538 quobus
827 3469 961 3524 laudatur

37 3542 398 3615 ooooooeuooosnoo.
418 3559 457 3611 M
509 3565 541 3612 21
556 3555 755 3628 poeunoamn
815 3562 849 3610 ao
863 3556 1027 3612 nonnosus

40 3624 67 3677 M
110 3635 143 3684 27
157 3630 204 3682 c‘cc
220 3626 449 3695 (condures.)
466 3629 504 3681 M
556 3635 589 3682 28
605 3627 750 3682 elaborare
766 3641 828 3680 nos:
843 3626 969 3681 laborare
989 3628 1028 3680 M
