2378 3934
346 107 418 162 oon
436 109 483 177 111,
504 113 538 162 10
557 108 586 161 ee
605 114 647 162 11.
969 111 1013 176 95

28 275 64 355 fit,
92 271 125 334 in
150 271 295 355 inpluuio
329 270 455 354 domus,
492 271 608 354 quibus
640 292 737 335 nunc*
760 277 901 357 strepere
933 278 1013 338 tem·

27 363 141 445 pestates
162 361 310 444 intellegi
332 361 412 424 uult.
491 361 509 424 7
544 364 580 425 et
611 360 761 444 positas
794 366 836 426 ut
867 362 1014 448 glaciet

27 451 114 513 uiues
141 471 234 534 puro
264 450 420 514 numine
450 447 636 533 Iuppiter.
682 450 837 534 ostendit,
869 452 955 535 quod
978 474 1013 516 re

25 561 82 601 uere
104 539 137 602 in
157 538 254 603 Italia
281 538 468 623 frequenter
490 539 613 623 euenit,
643 542 720 622 post
741 539 850 604 niuem
873 541 1013 624 positum

25 627 159 710 Aquilone
190 629 289 693 uento
320 630 504 692 serenatum
534 648 603 692 esse
636 629 669 691 et
696 628 819 713 frigora
846 629 914 693 eius
938 631 1040 714 gelus

26 737 99 798 super
118 717 228 781 niuem
252 737 466 782 concrescere.
546 717 587 782 10
619 737 665 780 ne
699 721 878 782 currente
909 721 1013 784 retro

27 804 108 868 lunis
132 809 194 869 eat
215 809 311 871 rote.
355 805 572 892 Allegoricos:
594 827 636 870 ne
654 806 691 870 in
704 810 736 870 te
750 806 885 871 redeant
898 807 1015 870 herum

24 914 106 957 rerum
127 893 224 958 uices.
305 893 347 958 15
376 916 445 960 nec
467 896 527 960 uir
548 893 678 958 Pieria
700 895 825 978 pelice
849 895 1014 961 saucius.

25 982 76 1044 uult
99 983 245 1068 intellegi
274 984 428 1048 maritum
450 982 554 1066 Lyces
583 982 679 1047 huius
707 983 949 1066 emarcidum,
981 985 1014 1048 id

23 1072 65 1150 est,
94 1069 233 1136 Pieriam
265 1073 413 1150 nomine;
458 1075 591 1156 propter
622 1071 708 1155 quod
745 1071 892 1137 debuisse
928 1073 1014 1138 hanc
1028 1096 1054 1136 ro

24 1158 100 1222 uicem
122 1159 152 1224 ei
175 1162 396 1226 contumeliae·
414 1159 552 1226 amando
572 1184 602 1226 sc
615 1161 800 1226 retribuere.
880 1163 920 1227 17
944 1183 1014 1228 nec

24 1248 125 1331 rigide
161 1249 318 1314 mollior
361 1252 517 1315 aesculo
557 1271 627 1314 neo
662 1247 808 1314 Mauris
846 1251 1014 1314 animum

25 1337 132 1402 mitior
155 1339 356 1424 anguibus,
401 1339 464 1405 hoc
492 1339 650 1424 superiori
671 1336 884 1424 iungendum,
911 1343 948 1403 ut
972 1340 1015 1403 sit

26 1425 58 1486 ite
84 1447 253 1491 conexum:
290 1451 341 1494 0..
369 1429 554 1510 supplicibus
585 1434 644 1493 tete
669 1449 783 1506 parcos
817 1450 877 1492 nec
909 1427 1014 1512 rigida

26 1515 129 1580 mollior
153 1517 281 1582 aesculo
311 1539 370 1581 nec
392 1515 515 1581 Mauris
543 1517 687 1582 animum
711 1517 821 1582 mitior
844 1517 1014 1602 anguibus.
1029 1535 1055 1576 15

24 1599 112 1668 Celere
136 1605 223 1668 enim
246 1605 285 1670 de
308 1605 495 1689 parenthesi
518 1606 620 1670 inlate
643 1608 728 1670 sunt.

416 1762 490 1816 ODE
510 1769 534 1832 3,
554 1769 596 1817 11.

86 1871 266 1956 Mercuri,
304 1895 393 1937 narn
421 1874 458 1936 te
487 1869 627 1937 docilis
660 1894 702 1936 m.
747 1869 943 1936 Mercurium
965 1871 1014 1934 in·

22 1964 95 2023 uocat
116 1961 205 2044 lyrae
228 1962 433 2026 inuentorem
449 1963 577 2045 petens,
599 1965 637 2024 ut
659 1960 795 2044 inspiret
818 1960 879 2024 sibi
902 1959 1014 2024 modu-

23 2045 153 2114 htionem
185 2051 319 2136 dignam
352 2050 483 2115 auribus
516 2049 622 2134 Lydes
660 2050 790 2114 amicae.
849 2048 928 2114 ordo
965 2053 1015 2113 est
1028 2062 1054 2104 20

24 2141 122 2201 eutem:
163 2137 306 2204 Mercuri
338 2139 388 2204 dio
422 2138 537 2204 modos
569 2139 685 2222 quibus
717 2136 808 2222 Lyde
832 2138 1014 2204 obstinatus

24 2227 140 2307 applicet
176 2249 280 2293 aures.
326 2250 411 2293 nem
442 2231 480 2292 te
513 2228 651 2293 docilis
687 2227 875 2312 magistro
905 2227 1015 2312 [vit.],

24 2315 119 2379 nouit
150 2315 345 2401 Amphion
376 2318 448 2400 lep.
480 2338 505 2380 e.
550 2320 630 2382 note
652 2316 764 2380 fabule
787 2320 837 2380 est
858 2315 1015 2400 Amphio-

23 2421 78 2466 nem
98 2405 239 2470 citharae
264 2411 362 2472 cantu
386 2409 418 2470 et
440 2405 593 2489 pecudes,
625 2427 762 2489 quarum
793 2407 906 2489 pastor
938 2408 1015 2488 erat,

25 2491 99 2557 adse
120 2496 293 2560 accersisse
324 2500 357 2559 et
378 2494 516 2579 lapides,
545 2494 662 2578 quibus
685 2492 834 2558 Thebani
856 2494 940 2558 muri
963 2515 1015 2556 ex·
1029 2504 1056 2546 ²⁶

25 2583 101 2645 tructi
119 2587 203 2649 sunt.
273 2585 293 2648 3
316 2588 433 2668 tuque
456 2583 621 2648 testudo.
667 2583 743 2666 quie
756 2582 919 2647 testudine
932 2580 1015 2645 Mer-

26 2672 108 2735 cuius
144 2672 251 2755 lyram
272 2672 359 2738 fecit.
428 2673 448 2736 6
472 2675 509 2736 et
532 2673 655 2736 amice
676 2672 847 2756 templis.
870 2669 1015 2734 fidicines

26 2753 158 2844 hodieque
180 2761 305 2827 Romae
334 2761 497 2834 sacrificiis
522 2761 667 2826 adhiberi
688 2761 844 2824 uidemus.
914 2758 954 2823 11
979 2762 1016 2822 et

27 2847 124 2913 adhuc
159 2855 344 2934 proteruo
382 2850 499 2915 crude
536 2850 684 2915 merito.
729 2871 797 2914 non
825 2851 875 2914 est
900 2848 1015 2912 intem-

26 2937 139 3022 pestiua,
175 2939 231 3003 sed
261 2941 368 3006 animo
399 2938 498 3004 crude
525 2939 558 3002 id
582 2941 631 3004 est
654 2938 791 3003 crudelis
816 2959 853 3003 eo
874 2959 932 3021 per
954 2937 1017 3003 hoc
1031 2953 1057 2992 ³⁰

26 3041 114 3105 aspere
137 3031 234 3111 atque
248 3028 385 3094 horrens
399 3029 560 3092 meritum.
630 3028 671 3092 13
694 3030 735 3091 tu
758 3031 868 3112 potes
891 3027 1015 3112 tigres

29 3116 238 3201 comitesque
276 3118 398 3182 siluas
435 3118 580 3182 ducere.
635 3116 715 3180 haec
748 3116 789 3180 ed
820 3115 1016 3180 testudinem

78 3279 91 3325 2
121 3275 250 3344 glane..
275 3291 387 3329 nomme
413 3275 452 3328 M
540 3280 555 3329 7
587 3274 618 3327 in
635 3275 665 3328 te
683 3273 801 3328 redeant
831 3288 895 3327 nos:
931 3275 1015 3328 mter-

32 3343 75 3394 eut
90 3345 125 3397 M
208 3352 343 3415 8p1erna
362 3347 400 3399 M
470 3346 581 3400 eluces
601 3345 639 3398 M
709 3351 744 3399 10
762 3344 941 3412 debuissetg

34 3415 52 3460 11
66 3431 87 3467 se
103 3418 200 3472 addidi
288 3424 322 3471 14
344 3419 409 3472 baec
428 3418 527 3472 addidi
622 3422 655 3470 1e
682 3417 716 3470 de
735 3415 792 3470 cod.
813 3415 896 3470 Pon:
923 3418 952 3468 te
972 3414 1016 3478 M,

35 3489 265 3558 [trperentesing
338 3495 371 3543 23
391 3488 496 3544 emfion
518 3488 556 3542 hc
575 3487 614 3540 M
683 3493 716 3540 23
735 3487 789 3540 est:
809 3485 832 3538 8⁶
850 3485 889 3537 M
958 3499 1016 3536 um·

35 3549 108 3610 bouem
127 3560 164 3613 M
247 3567 282 3616 16
314 3563 398 3630 teque
419 3561 458 3614 M
544 3558 684 3614 testudme
703 3559 728 3626 (e
747 3557 779 3610 iu
796 3556 865 3623 ras.)
886 3554 935 3606 M:
975 3553 1017 3604 te-

36 3623 178 3710 sunnemlg
251 3638 286 3686 30
305 3647 350 3686 sc:
370 3633 423 3686 hec
443 3631 481 3684 M
