2378 3934
167 141 232 206 218
493 141 614 198 sunno
633 143 654 211 1,
673 147 699 210 s,
718 147 850 198 oo-ror.

167 305 246 370 suri
269 306 455 391 oppidulo
479 305 579 389 quod
601 323 715 368 uersu
738 303 866 369 dicere
888 326 967 369 non
985 305 1176 390 estsignis

165 393 353 478 perfacile
394 400 462 464 est.
515 391 665 477 Aequum
698 391 849 456 Tuficum
882 393 1058 478 significat,
1096 395 1176 460 cuius

166 503 287 548 nomen
299 484 487 554 hexametro
501 503 598 547 uersu
611 481 766 566 compleri
779 502 847 546 non
860 484 978 566 potest.
1001 482 1066 548 hoc
1077 487 1176 547 autem

168 572 227 636 sub
251 579 396 661 exemplo
420 571 546 642 Lucili
567 569 686 655 posuit.
731 591 808 635 nem
840 570 894 634 ille
921 570 1073 638 inserto
1099 575 1176 636 setu-

142 673 278 726 ⁵rarum
312 663 357 730 sic
391 666 450 731 eit:
488 658 693 725 Seruorum
728 662 788 724 est
822 658 950 724 festus
993 659 1076 725 dios
1113 661 1180 745 hic,

169 747 284 826 Quem
306 754 420 837 plane
443 750 666 819 hexametro
685 769 799 812 uersu
811 769 890 813 non
903 747 1031 816 dicere
1045 750 1180 834 possis.

256 839 300 904 90
323 845 426 910 ultre
449 836 614 906 collidus
646 840 688 901 ut
711 837 836 901 soleat
857 838 996 904 umeris
1025 841 1180 923 portare

168 927 303 993 uictor.
349 933 429 1000 adeo
454 927 531 996 dicit
552 925 606 990 hio
629 927 751 990 bonum
777 947 897 1010 panem
923 926 1006 1012 fieri,
1043 930 1096 1011 ut,
1133 929 1180 1011 qui

167 1015 275 1082 collidi
297 1019 400 1088 idest
421 1017 518 1106 periti
541 1015 608 1080 sint
629 1015 702 1080 uice
724 1013 811 1080 illius
834 1035 872 1080 sc
895 1016 1001 1081 soient
1018 1017 1109 1082 ultre
1122 1039 1180 1081 me·

129 1104 281 1170 mliorem
303 1130 421 1191 penem
443 1129 512 1176 non
534 1126 614 1188 esse,
631 1103 707 1168 inde
730 1103 792 1188 sibi
814 1103 930 1169 ferunt.
997 1105 1041 1172 91
1066 1127 1180 1189 aquec

167 1215 244 1258 non
274 1197 394 1266 ditior
425 1218 530 1264 urna.
576 1193 615 1257 de
639 1190 778 1259 Canusio
806 1191 869 1259 hoc
892 1193 1023 1278 dicitur,
1054 1195 1180 1272 nonde

168 1281 282 1367 Aequo
305 1288 435 1373 Tutico,
457 1285 547 1354 cuius
570 1304 669 1366 supro
690 1281 906 1350 meminimus.
973 1281 1016 1348 93
1049 1283 1180 1362 flentis

168 1372 238 1436 bus
261 1374 351 1444 hine
375 1377 515 1444 Uarius
538 1371 706 1437 discedit
735 1375 905 1436 maestus
929 1371 1074 1438 amicis.
1121 1371 1180 1436 no*

169 1460 211 1525 ob
235 1464 332 1530 eliam
355 1487 485 1532 causam
509 1459 692 1525 ‘flentibus'
716 1463 750 1524 et
772 1458 945 1526 ‘maestus'
968 1461 1108 1544 dictum,
1131 1461 1178 1526 sed

129 1568 154 1609 15
169 1549 211 1613 ob
234 1558 381 1620 mutuum
405 1551 606 1619 desiderium.
673 1549 716 1614 97
749 1547 888 1614 dehinc
911 1547 1055 1615 Gnatia
1077 1549 1166 1634 Lym

169 1636 255 1722 phis
287 1643 400 1709 iretis
423 1643 632 1709 exstructa.
677 1659 736 1723 per
762 1637 845 1702 haec
867 1637 922 1704 hoc
944 1660 1071 1723 quoque
1097 1640 1169 1722 oppi

168 1726 279 1794 dulum
303 1732 465 1818 significet
487 1727 623 1816 penuria
642 1749 743 1812 aquae
765 1727 923 1792 laborare.
991 1728 1033 1794 98
1065 1728 1165 1792 risus

170 1837 239 1898 que
262 1817 443 1907 iocosque
467 1820 552 1886 dum
574 1817 730 1882 flamma
753 1815 836 1882 sine
859 1819 946 1881 tura
963 1815 1178 1901 liquescere

168 1903 301 1975 limine
325 1933 434 1988 sacro
457 1906 697 1995 persuadere.
743 1904 907 1990 significet
929 1902 1067 1970 Gnatiae
1092 1927 1175 1970 erem

128 2013 155 2054 20
169 2017 246 2081 esse,
268 1999 304 2063 in
327 2023 392 2086 que
412 2001 512 2086 lignis
535 1995 687 2064 extinctis
711 1993 828 2078 positis
851 1994 962 2080 ignem
985 2015 1044 2058 suo
1067 1997 1178 2078 sponte

171 2083 304 2168 gliscere
328 2090 438 2173 opinio
463 2089 520 2172 sit;
545 2085 631 2172 quod
653 2087 763 2147 tamen
785 2104 820 2147 se
835 2104 944 2150 corum
957 2104 1024 2148 non
1037 2083 1179 2148 euenisse

167 2179 286 2240 nosset.
331 2177 403 2245 ideo
436 2176 646 2243 deridendam
676 2193 746 2236 esse
768 2170 855 2239 hano
877 2171 1065 2256 opinionem
1088 2172 1179 2238 adfir·

167 2263 244 2326 met.
313 2265 377 2330 100
401 2267 532 2331 credet
553 2261 717 2329 Iudaeus
740 2259 879 2345 Apella
901 2282 979 2326 non
1001 2281 1082 2347 ego.
1129 2283 1177 2324 ur-

167 2347 380 2420 banissimum
406 2376 526 2420 nomen
557 2352 678 2418 Iudaeo
707 2348 852 2433 inposuit
884 2347 1033 2434 ‘Apelle'
1064 2349 1179 2434 dicens,

127 2453 154 2494 ²5
168 2441 261 2522 quasi
293 2442 378 2526 quod
409 2444 527 2528 pellem
556 2444 592 2506 in
623 2440 715 2523 perte
746 2439 880 2522 genitali
902 2437 1014 2504 Iudaei
1035 2461 1106 2505 non
1129 2441 1179 2514 hei

168 2527 276 2595 beent.
346 2533 408 2597 101
432 2553 594 2618 nemque
618 2530 709 2595 deos
732 2526 850 2592 didici
873 2549 1046 2593 securum
1069 2521 1179 2614 egere

169 2638 311 2686 uenum.
356 2621 419 2687 hoc
437 2620 476 2686 de
496 2620 649 2706 opinione
662 2615 894 2701 Epicureorum
912 2617 1012 2700 uenit,
1030 2618 1087 2701 qui
1106 2617 1179 2682 deo

169 2707 261 2774 aiunt
274 2732 342 2776 non
356 2710 451 2776 aliter
463 2732 558 2795 posse
572 2705 760 2774 inmortales
775 2725 858 2788 esse,
880 2705 945 2770 nisi
967 2705 1069 2789 quieti
1092 2710 1125 2770 et
1138 2706 1176 2769 ab

168 2799 343 2864 omuicure
356 2799 496 2884 separati
506 2800 580 2865 sint.
628 2795 692 2862 102
710 2814 779 2858 nec
798 2793 830 2858 si
848 2793 940 2878 quid
959 2793 1047 2859 miri
1059 2794 1177 2859 faciet

128 2888 308 2950 ornatura
338 2889 421 2955 deos
451 2888 489 2953 id
521 2888 658 2953 tristes
690 2882 836 2947 exalto
869 2882 943 2947 oeli
975 2881 1175 2948 demittere

167 2976 279 3040 tecto.
323 2976 492 3043 uerissime
515 2976 669 3062 opinione
690 2972 754 3037 hoc
772 2970 898 3036 dicitur.
943 2973 1073 3037 constet
1094 2971 1176 3036 enim

122 3087 124 3092 ’
168 3064 277 3130 omnia
295 3065 460 3151 miraculo,
473 3087 554 3150 quoe
569 3065 604 3129 in
617 3066 687 3130 toto
702 3060 823 3126 mundo
837 3060 928 3146 fient,
952 3063 1040 3126 certe
1057 3060 1176 3125 ratione

239 3211 254 3258 ὅ
274 3203 363 3258 Lucil.
381 3203 430 3273 VI,
449 3209 483 3259 21

238 3347 383 3414 2Elquum
400 3339 558 3414 tuticumq
637 3341 945 3400 3116111181οΜ
1025 3347 1056 3396 11
1074 3339 1178 3394 dulc1or

169 3414 207 3468 M
277 3422 310 3468 12
329 3433 396 3497 ecco
414 3417 503 3470 tntrco
523 3416 562 3470 M
649 3422 682 3469 13
701 3412 827 3470 descedit
844 3413 951 3468 mestus
970 3413 1009 3466 M
1094 3416 1126 3464 14
1148 3413 1176 3462 et

167 3485 424 3634 tertiatur
439 3482 1114 3637 111111011111113’1111
1130 3497 1176 3616 ll}

168 3623 305 3759 {Etmacgtlppl
306 3639 428 3746 tquplque
447 3643 465 3692 ς
501 3626 670 3696 conpositis?
756 3633 789 3680 21
810 3625 964 3694 euenisset,
985 3625 1013 3679 et
1029 3623 1107 3678 ideo?
