2378 3934
429 147 578 203 aeouoiu
597 154 630 204 11
648 151 678 205 ec
697 157 737 206 ia.
847 117 851 126 ’
1026 151 1089 218 165

23 311 25 354 i
95 309 157 372 inihi
170 309 356 374 salacissimi
370 309 582 375 adulescentis
607 313 742 378 occasio.
809 315 851 378 ai
877 315 1087 380 muricibus

23 459 24 480 ,
96 397 203 481 Tyriis
225 400 393 463 iteratae
417 399 563 464 uellera
585 402 706 465 lanae.
759 424 935 487 purpuram
958 404 1088 489 Tyriam

23 485 25 504 '
96 487 249 571 significat,
277 509 360 571 quae
387 488 504 552 iterum
532 489 565 553 id
596 493 645 556 est
667 489 718 554 bis
741 491 825 576 tingi
849 491 1017 578 conchylio
1041 494 1087 557 di-

95 576 171 640 citur.
221 577 307 640 unde
330 577 488 660 hodieque
513 578 672 663 dibaphus
696 580 886 664 appellatur.
977 583 1019 646 23
1042 604 1087 646 ne

23 735 24 738 Ἴ
93 664 178 728 foret
200 665 374 749 aequalis
402 666 505 729 inter
533 667 699 732 conuiua
721 670 845 754 magis
869 691 977 754 quein
1001 671 1114 736 dili-5

23 747 24 760 ¹
93 758 183 838 geret
203 754 342 818 mulier
366 776 432 818 sua
455 774 566 840 quam
593 760 638 820 te.
689 757 856 822 blanditur
883 759 992 824 dicens
1021 781 1087 823 ma-

94 863 217 926 gnopere
226 843 387 908 festinans
397 843 444 906 illi
453 845 604 927 pretiosis
618 847 769 930 purpuris
784 851 907 913 uestem
923 849 1088 932 conficere,

93 935 122 994 ut
148 955 182 996 ex
212 933 274 997 hoc
307 933 393 996 inter
420 933 668 998 contubernales
696 935 764 1019 eius
795 936 961 1021 probaret,
991 959 1087 1021 quam

23 1051 24 1104 q
95 1021 173 1084 ualde
194 1021 284 1088 illum
308 1021 464 1106 diligeret.

388 1161 538 1219 EPODON
556 1161 710 1218 CARMEN
730 1169 771 1219 13.
1103 1195 1128 1234 10

164 1269 328 1336 Horrida
346 1277 557 1358 tempestas
577 1274 722 1338 caelum
742 1275 940 1338 contraxit
958 1277 996 1339 et
1018 1275 1088 1340 im-

93 1359 173 1422 bres.
224 1360 376 1425 hortatur
406 1362 665 1445 contubernalesi,
697 1366 748 1446 ut,
780 1363 932 1446 quoniam
964 1366 1087 1429 caelum

91 1448 220 1532 pluuium
251 1451 294 1514 sit
319 1471 378 1515 nec
407 1451 577 1535 quicquain
606 1453 659 1537 agi
687 1452 804 1535 possit,
836 1453 871 1515 iri
901 1452 1087 1517 conuiuium

23 1599 25 1618 ,
91 1538 232 1603 secedant.
278 1541 403 1604 caelum
427 1543 534 1604 autem
557 1563 616 1624 pro
640 1540 781 1606 nubibus
805 1541 923 1626 accipe,
946 1544 978 1605 et
1000 1540 1087 1606 ‘con-

23 1665 25 1692 1
90 1626 184 1690 traxit'
211 1628 247 1712 in
273 1650 375 1694 unum
403 1629 510 1714 coegit
541 1651 578 1694 ac
610 1652 668 1714 per
694 1630 757 1695 hoc
786 1629 898 1695 ‘densa
928 1629 1016 1695 fecit'
1039 1631 1088 1694 in·
1102 1653 1128 1694 15

23 1781 25 1804 ,
91 1717 300 1801 tellegendum.
394 1719 484 1782 let
519 1718 650 1782 inbres
678 1719 865 1804 niuesque
895 1719 1089 1784 deducunt

23 1833 25 1874 2
92 1802 212 1870 louein.
245 1807 397 1892 suauiter,
421 1808 512 1892 quasi
527 1829 599 1872 cum
613 1807 770 1872 imbribus
794 1807 835 1872 ad
857 1811 960 1872 terras
979 1807 1088 1892 Iuppi-

23 1899 25 1976 f
91 1896 131 1956 ter
151 1894 328 1959 descendat.
384 1897 403 1960 3
423 1896 617 1981 rapiamus
641 1897 754 1961 amici
778 1896 1021 1961 occasionem
1045 1897 1087 1960 de

23 1979 25 2062 ᾖ
95 1981 151 2046 die.
171 1988 278 2048 utrum
302 1986 504 2050 occasionem
527 2008 608 2070 quae
633 1985 671 2050 de
696 1986 746 2050 die
769 1985 880 2070 piuuio
899 1985 1022 2069 incidit,
1045 2007 1089 2049 an

23 2073 25 2156 f
92 2075 122 2134 ut
140 2071 298 2138 ‘conuiuia
322 2074 360 2138 de
384 2073 446 2138 die'
470 2074 659 2139 dicebantur
682 2098 702 2139 a
724 2076 828 2159 primo
850 2094 944 2138 mane
964 2076 1088 2158 coepta.
1103 2097 1128 2137 1ο

23 2167 25 2190 ¹
167 2163 186 2226 5
214 2163 383 2228 obducta
411 2165 588 2228 soluatur
614 2164 745 2228 fronte
777 2167 967 2228 senectus.
1024 2164 1088 2229 ob-

23 2259 24 2324 }
95 2249 191 2316 ducta
217 2253 250 2316 id
280 2256 344 2316 est:
367 2253 403 2316 in
424 2273 523 2337 rugas
547 2256 727 2337 contracta,
750 2275 787 2317 ac
810 2274 866 2336 per
881 2253 953 2335 hoc,
977 2274 1089 2318 seuera

23 2351 25 2388 1
95 2343 120 2401 et
138 2341 241 2406 tristis.
302 2342 347 2405 sic
375 2363 452 2428 ergo
481 2346 514 2405 et
542 2347 739 2406 senectutem
771 2364 830 2426 pro
861 2343 1022 2428 grauitate
1051 2363 1088 2406 ac

23 2457 24 2512 j
95 2430 247 2495 seueritate
271 2431 387 2514 accipe.
447 2431 467 2494 6
487 2435 526 2495 tu
545 2431 636 2494 uina
655 2431 850 2514 Torquato
869 2453 976 2496 moue
996 2452 1087 2496 con·

95 2518 161 2582 sule
187 2541 323 2604 pressa
350 2541 441 2584 meo.
500 2521 657 2604 praecipit
688 2521 766 2584 uina
796 2521 934 2604 proferri
964 2519 1087 2585 Manlio
1102 2541 1128 2582 11

94 2604 240 2692 Torquato
269 2610 401 2673 consule
435 2608 561 2694 defusa,
594 2630 657 2692 quo
690 2631 776 2673 anno
808 2609 878 2692 ipse
910 2613 1007 2673 natus
1038 2609 1088 2692 sit,

23 2701 24 2764 1
96 2697 166 2776 quod
188 2701 220 2762 et
242 2697 321 2762 alibi
344 2697 534 2781 amphoram
558 2699 734 2782 adloquens
753 2699 895 2764 ostendit
915 2699 960 2762 sic
980 2699 1087 2761 dicens

94 2781 114 2844 0
141 2790 227 2851 nata
260 2803 406 2851 mecum
438 2788 596 2852 consule
628 2786 783 2852 Manlio.
843 2787 884 2851 ad
914 2787 978 2852 hoc
1011 2807 1087 2872 ergo

93 2876 215 2953 pertinet
234 2876 320 2960 quod
339 2878 415 2942 dicit
431 2874 578 2941 Manlio
598 2876 795 2960 Torquato
813 2898 904 2941 meo.
958 2877 976 2941 7
997 2875 1088 2940 deus

93 2961 170 3028 haec
195 2965 364 3030 fortasse
392 2967 562 3052 benigna
589 2965 747 3030 reducet
773 2965 814 3028 iii
841 2966 967 3030 sedem
995 2965 1128 3029 uiceao

93 3069 289 3081 5——

151 3111 181 3158 10
201 3106 252 3160 od.
272 3112 297 3174 a,
316 3112 393 3189 aar

93 3191 289 3206 b-—n-m—

151 3236 163 3282 1
182 3247 356 3301 sagacissimi
375 3231 414 3284 M
501 3237 516 3284 3
537 3249 567 3299 q3
586 3246 607 3284 a.
632 3231 649 3284 Ζ.
671 3231 708 3283 Μ
796 3227 934 3284 conchilia
953 3232 978 3282 ct
996 3227 1088 3284 diafus

95 3296 123 3350 M
185 3307 200 3356 5
233 3318 365 3358 conuiuia
384 3303 421 3356 M
506 3302 641 3356 6111111101
660 3342 666 3356 .
687 3343 693 3356 .
712 3301 857 3356 blanditur
875 3316 896 3354 a.
917 3301 933 3354 l.
955 3301 993 3354 M
1072 3308 1087 3354 7

94 3367 254 3428 festinantius
272 3374 400 3428 Hoatiiat
481 3379 497 3426 8
516 3373 745 3427 contubernalem
765 3373 802 3425 M
883 3377 914 3426 13
935 3371 972 3425 sit
990 3371 1089 3425 addidi

95 3455 262 3513 nequicquam
282 3445 320 3498 M
386 3451 418 3498 io
438 3445 555 3498 densum
572 3443 772 3510 0011101110ος
841 3449 873 3496 16
893 3443 1036 3510 nubesque
1052 3441 1091 3494 M

151 3522 180 3569 19
200 3533 285 3584 quae:
305 3535 355 3586 qui
374 3517 412 3570 M
491 3522 524 3569 21
544 3515 637 3568 fronte
655 3531 676 3567 s,
696 3515 713 3568 l.
734 3513 772 3566 M
856 3519 889 3566 25
910 3513 1006 3565 mallio
1024 3514 1089 3576 (ter)

97 3580 124 3634 Μ
177 3593 209 3642 26
228 3587 368 3655 diffusag
436 3593 468 3642 27
489 3586 624 3640 amiciam
643 3585 666 3638 dc
683 3585 800 3652 loquens
819 3585 862 3640 osi
877 3583 915 3634 M
981 3587 1014 3634 29
1032 3581 1086 3633 0011.

97 3668 116 3706 a
132 3661 146 3711 7
157 3665 219 3728 pout
236 3661 291 3714 sch.
309 3677 337 3716 a.
356 3665 390 3713 ii
410 3664 449 3714 cst
466 3659 498 3744 ia
518 3657 556 3710 M
