2416 3934
599 117 672 172 cun
691 119 712 188 1,
731 121 774 172 aa.

594 275 666 332 oon
687 284 712 346 1,
731 281 774 331 aa.

123 365 135 382 '
266 371 319 437 Ad
341 369 522 436 Fortunam
551 391 633 454 quae
663 366 744 432 Anti
770 368 942 453 praecipue
970 368 1090 434 colitur.
1148 368 1170 434 0

178 462 267 526 diua
291 463 443 548 gratum
466 479 561 543 quae
584 457 688 542 regis
706 455 746 522 A.
786 455 868 522 haec
891 457 951 523 ode
974 457 1008 522 in
1025 455 1171 522 Fortunae

178 550 360 635 potentiam
383 548 504 632 scripta
526 549 585 632 est,
608 547 660 610 cui
678 543 827 612 Caesaris
848 545 1080 630 profectionem
1101 565 1171 610 com·

152 639 319 704 amendat.
387 639 540 723 gratum
564 657 659 720 quae
686 636 792 722 regis
813 634 981 700 Antium.
1021 633 1085 700 ‘hoc
1105 635 1173 718 ideo,

180 728 255 814 quia
273 725 355 794 Anti
372 726 520 802 Fortuna
535 725 761 810 potentissimi¹
776 724 919 791 numinis
942 723 1086 809 habetur,
1107 723 1173 788 adeo

179 822 216 882 ut
252 817 363 882 multis
399 814 704 900 pretiosissimisque
737 814 846 880 donis
863 817 896 878 et
926 813 1123 897 priuatorum
1150 817 1175 876 et

179 908 411 990 inperatorum
428 904 587 989 templum
605 903 652 969 ibi
670 903 738 984 eius
756 902 912 970 refertum
931 903 982 968 sit.
1006 943 1008 950 ·
1045 903 1065 966 2
1083 923 1174 985 prae-

180 1017 268 1060 sens
300 995 363 1059 uel
394 994 470 1060 imo
501 992 640 1061 tollere
673 992 716 1056 de
749 991 879 1078 gradu.
928 1012 1111 1076 praesens
1138 992 1175 1054 ita

141 1104 167 1143 ιο
182 1083 305 1148 dietum
326 1086 364 1148 ut
385 1081 572 1166 praesentia
594 1081 745 1146 dicuntur
771 1081 907 1148 numina
936 1081 1082 1164 deorum,
1109 1101 1175 1164 qnae

181 1195 215 1237 se
237 1171 482 1257 potentiamque
506 1193 598 1236 suam
620 1169 791 1250 manifeste
805 1170 1000 1248 ostendunt
1067 1167 1089 1234 4
1109 1191 1176 1234 uer-

180 1265 263 1326 tere
286 1259 491 1326 funeribus
522 1259 748 1345 triumphos.
806 1261 932 1324 uertere
947 1280 1017 1344 ,pro
1041 1281 1087 1342 eo,
1108 1257 1177 1342 quod

182 1355 232 1418 est
254 1354 442 1430 conuertere
466 1353 499 1414 et
521 1351 661 1433 mutare,
682 1349 824 1432 positum
848 1352 907 1414 est.
975 1349 1005 1423 6,
1019 1352 1057 1414 te
1079 1347 1178 1412 domi-

182 1461 270 1506 nam
298 1439 478 1524 aequoris
505 1460 565 1523 pro
594 1436 643 1502 ‘et
670 1435 843 1522 aequoris'‚
883 1436 951 1504 hoc
980 1441 1089 1503 autem
1109 1441 1178 1500 recte

143 1549 168 1588 ιε,
184 1529 311 1613 dicitur,
342 1528 496 1613 quoniam
510 1525 664 1605 ‚Fortuna
695 1530 744 1602 et¹
760 1549 886 1612 semper
918 1530 951 1592 et
981 1527 1101 1612 ubique
1128 1546 1179 1588 ne-

182 1616 309 1682 tuenda
331 1620 391 1682 est.
460 1617 477 1680 7
510 1615 738 1701 quicumque
763 1615 936 1700 Bithyna
969 1616 1127 1682 lacessit
1151 1611 1178 1677 Ο.

182 1729 212 1790 p.
236 1728 265 1772 ο.
310 1704 455 1790 Bithyna
487 1704 598 1770 carina
630 1705 689 1789 ait,
709 1708 759 1770 *ut
780 1707 893 1782 solent
919 1709 1037 1790 poetae
1061 1704 1179 1789 speciem

183 1816 242 1879 pro
275 1815 393 1881 genere
430 1815 560 1878 ponere.
611 1795 720 1880 qualia
756 1795 813 1870 illa
843 1797 929 1871 sunt,
952 1792 1178 1881 Uergiliana:

183 1883 298 1950 Leuis
330 1884 488 1950 innatat
524 1884 636 1962 alnus
672 1883 790 1949 missa
821 1881 923 1961 Pado
962 1905 1023 1967 pro
1055 1881 1180 1968 quolibet

144 1993 172 2032 πο
186 1975 328 2058 flumine,
346 1977 379 2039 et
396 1971 491 2041 Illas
510 1973 618 2038 duait
636 1993 740 2039 amor
757 1976 867 2039 trans
881 1971 1056 2058 Gargara
1072 1975 1181 2036 trans·

75 2097 78 2106 ·
184 2086 254 2147 que
284 2065 487 2130 sonantem
514 2061 723 2129 Ascanium
745 2084 806 2147 pro
829 2061 1133 2147 quolibetflumine.

184 2153 204 2215 9
227 2151 387 2235 profugi
411 2149 587 2234 Scythae.
631 2151 847 2229 manifestum¹
865 2153 940 2234 est,¹
957 2171 1014 2214 cur
1043 2150 1182 2234 profugos

184 2239 309 2322 dixerit,
332 2238 419 2322 quod
442 2239 566 2304 scilicet
588 2239 687 2304 etiam
709 2239 865 2324 fugiendo
886 2239 1129 2324 proeliarentur.

187 2329 227 2391 11
252 2327 497 2411 etpnrpurei
519 2331 696 2394 metuunt
717 2328 885 2413 tyranni.
929 2329 1116 2412 purpurei
1136 2347 1183 2410 pro

144 2435 171 2476 as
187 2414 398 2498 ‘purpurati'.
443 2437 640 2501 purpureum
672 2417 759 2482 enim
790 2417 871 2482 illud
903 2421 966 2503 est,
997 2419 1027 2484 si
1057 2416 1174 2503 proprie

183 2507 286 2582 tatem
309 2503 474 2572 adtendas.
520 2528 597 2571 nam
621 2506 667 2572 sic
689 2506 807 2572 dicitur
829 2526 1041 2592 purpureum,
1063 2503 1175 2588 utlapi

95 2613 105 2636 ·
184 2593 280 2660 deum
309 2593 469 2680 ligneum,
499 2594 563 2660 hoc
591 2597 653 2679 est,
685 2595 772 2681 quod
798 2599 1044 2680 purpuratam
1090 2612 1091 2616 ’
1124 2614 1175 2658 con

185 2687 259 2750 stat.
351 2683 393 2748 14
423 2685 591 2750 stantem
628 2685 847 2750 columnam
882 2706 941 2769 pro
978 2677 1184 2760 incolumitat

185 2772 354 2859 dignitatis
385 2775 418 2837 et
447 2773 547 2850 totius
576 2772 689 2851 domus
712 2773 874 2858 intellege.
945 2774 993 2847 14,
1014 2795 1088 2840 neu
1116 2792 1179 2856 pop

145 2861 371 2944 aetraquens
399 2861 445 2925 ad
474 2884 578 2927 arma
605 2883 630 2926 c.
654 2885 682 2927 a.
723 2863 806 2929 bene
833 2865 1009 2939 tumultum
1032 2862 1184 2948 uulgare·

188 2950 346 3034 expressit
372 2950 557 3032 repetendo.
627 2951 667 3014 17
696 2955 733 3016 te
761 2973 910 3035 semper
938 2952 1064 3017 anteit
1090 2972 1180 3016 seru

187 3038 414 3102 necessitas.
451 3060 511 3104 nec
529 3039 616 3103 enim
635 3061 711 3104 suae
734 3041 914 3126 potestatis,
938 3041 993 3125 qui
1016 3039 1182 3105 necessita

259 3193 411 3264 rseeorg.
433 3199 527 3264 245,1
548 3195 578 3250 et
595 3201 621 3264 a,
633 3185 693 3251 'ass

259 3343 275 3390 2
294 3335 375 3390 Anti:
400 3338 465 3390 ante
486 3337 531 3392 M.
550 3339 697 3406 inscriptio
719 3354 777 3393 noa
799 3339 910 3394 uidear
930 3306 1129 3412 Porphyrionis
1144 3351 1184 3388 ess

242 3412 258 3459 3
278 3423 376 3480 querna
396 3408 435 3460 Μ
496 3407 814 3484 Fortunae-potentiam
832 3413 895 3464 ucat
912 3409 1054 3465 somonam
1071 3408 1180 3479 potens

188 3480 217 3544 (1'1
236 3493 269 3530 cn
288 3483 317 3532 ai
336 3479 417 3548 corr.)
439 3477 489 3546 M,
512 3477 666 3534 Fortunam
684 3481 833 3550 potentum
850 3481 897 3535 uel
951 3479 1059 3542 tentem'
1078 3499 1095 3548 ς

187 3547 273 3602 uelim
293 3548 332 3602 M
402 3553 435 3602 10
454 3548 587 3603 decorum
605 3551 645 3604 M
720 3551 756 3605 tl
772 3499 977 3606 eamme-irs
1023 3551 1055 3606 '2‘1
1074 3549 1179 3605 flumine

186 3621 283 3673 monte
302 3637 320 3686 ς
338 3621 433 3674 monte
452 3620 481 3674 et
499 3619 546 3674 fla
601 3627 634 3675 22
656 3623 745 3694 suthe
763 3623 802 3676 M
854 3639 917 3676 cum
931 3622 970 3676 M
1022 3627 1054 3676 at
1074 3619 1148 3677 ahud
