2378 3934
171 133 233 198 136
479 132 552 188 ODE
570 133 618 200 IV,
640 140 655 188 e
676 135 705 188 et
724 137 758 185 10
777 133 806 185 et
826 137 866 185 11.

168 297 296 381 patria
323 295 482 361 timidus
512 294 647 379 perire.
727 294 818 358 deest
846 292 937 358 ‘erit'.
995 293 1043 356 ait
1071 297 1164 356 autem

169 408 242 452 eum
266 387 322 470 qni
344 386 439 450 bonis
463 385 586 450 artibus
608 383 786 448 instructus
810 383 942 448 sitnon
970 382 1114 446 dubitare
1138 387 1165 444 et

169 497 229 559 pro
253 476 364 540 amieis
388 479 421 540 et
443 496 502 557 pro
520 474 627 558 patria
650 476 788 537 mortem
802 472 919 557 subire,
942 471 969 536 si
982 491 1111 536 neeesse
1124 471 1164 534 sit.

581 647 654 703 oon
673 653 697 717 4,
720 654 760 704 ro.

143 775 157 816 ⁵
261 758 288 824 Ο
324 758 493 823 crudelis
530 757 653 822 adhue
690 761 727 821 et
758 755 921 822 Ueneris
957 755 1166 820 muneribus

170 850 318 934 potens.
390 847 472 912 haee
498 839 568 935 ᾠδὴ
597 847 633 911 in
661 845 854 932 Ligurinum
877 846 997 930 scripta
1022 848 1084 928 est,
1106 867 1157 927 que

169 938 282 1002 reliam
317 936 436 1001 amoris
468 937 648 1001 continens.
711 935 932 1000 muneribus
972 937 1163 1018 potensi·

170 1029 233 1090 est:
257 1026 299 1091 ob
321 1047 456 1090 munera
479 1046 561 1109 quae
584 1025 664 1088 inte
682 1023 794 1090 Uenus
818 1025 963 1090 contulit.
1019 1023 1154 1105 2inspe

170 1120 256 1180 rata
274 1117 362 1179 tuae
381 1137 464 1179 eum
486 1114 618 1178 ueniet
639 1115 769 1198 pluma
788 1113 1001 1198 superbiae.
1040 1112 1168 1195 pluma

133 1218 160 1259 1⁰
173 1226 232 1288 pro
255 1205 360 1288 prima
382 1204 485 1268 barba
500 1204 620 1286 posuit.
679 1205 701 1267 4
723 1224 825 1267 nuno
848 1204 885 1266 et
907 1202 972 1287 qui
996 1201 1103 1266 color
1124 1222 1168 1262 es

170 1294 367 1377 pumiceae
393 1293 494 1358 flore
521 1293 627 1375 prior
654 1313 774 1356 rosae.
824 1291 931 1375 prior
953 1313 1013 1374 pro
1039 1285 1163 1354 ‘melior’

259 1382 280 1448 5
317 1382 358 1446 in
384 1381 523 1446 faciem
550 1381 716 1446 uerterit
744 1379 1004 1466 hispidam-id
1034 1382 1095 1442 est:
1116 1377 1159 1441 hir

171 1475 285 1538 rutam.

587 1554 659 1610 oon
679 1561 704 1624 4,
726 1561 766 1609 ιι.

133 1680 159 1722 1⁵
261 1665 332 1730 Est
358 1665 452 1730 mihi
479 1687 622 1730 nonum
644 1664 1043 1751 superantis-annum.
1088 1661 1161 1747 signi

172 1755 250 1820 fieat
272 1776 305 1818 se
329 1755 414 1819 diem
436 1755 579 1819 natalem
601 1754 798 1820 Maecenatis
821 1755 905 1820 uelle
928 1753 1099 1818 celebrare.
1135 1751 1160 1814 lo

173 1844 284 1930 quitur
307 1847 415 1909 autem
439 1844 480 1909 ad
502 1842 682 1929 Phyllidem
705 1844 850 1908 amicam.
914 1843 935 1908 5
958 1865 1033 1928 qua
1057 1841 1153 1905 orine

171 1935 341 2019 religata
371 1934 511 2019 fulges.
569 1956 628 2018 pro
664 1932 801 2020 ‘fulgere
833 1931 940 1996 solee'.
997 1953 1069 1998 non
1100 1952 1158 1994 es·

170 2024 236 2088 ianr
260 2027 448 2090 coronatam
471 2045 540 2088 esse
564 2023 654 2108 dicit,
684 2022 739 2086 sed
761 2022 880 2086 inuitat
908 2041 992 2104 eam,
1020 2021 1072 2085 uti
1098 2041 1162 2084 coro

132 2125 160 2166 2⁰
173 2115 278 2176 netur.
377 2113 398 2177 6
428 2113 532 2175 ridet
566 2135 626 2196 pro
667 2115 761 2198 grata
797 2114 846 2174 est
886 2131 924 2174 ao
954 2109 1072 2195 fulget
1161 2112 1168 2141 '

174 2203 316 2264 cunata
346 2200 513 2265 festinat
544 2223 688 2265 manus.
748 2199 788 2264 ad
820 2199 1063 2264 multitudinem
1093 2197 1163 2261 mini

174 2291 316 2352 strorum
338 2289 487 2352 refertur.
578 2291 617 2353 11
643 2289 839 2354 sordidum
861 2289 1041 2354 flammae
1065 2286 1158 2368 trepi

174 2377 267 2441 dant
302 2379 479 2443 rotantes
515 2378 661 2443 uertice
698 2379 851 2444 fumum.
915 2375 995 2465 [non
1032 2377 1163 2442 otiosum

176 2463 319 2550 ἐνεργῶς
347 2466 468 2530 dietum
491 2469 548 2530 est.
615 2467 656 2532 14
678 2467 768 2532 Idus
792 2466 866 2532 tibi
883 2470 978 2532 sunt
1001 2465 1164 2552 agendae

135 2605 162 2646 ‚5
176 2555 240 2640 qui
263 2555 344 2619 dies
367 2576 535 2620 mensem
555 2554 719 2621 Ueneris
742 2557 913 2621 marinae
935 2555 1058 2620 findit
1075 2551 1160 2636 Apri

175 2645 257 2709 lem.
302 2644 375 2710 idus
397 2644 525 2728 Apriles
549 2646 718 2730 signifieat.
761 2647 896 2728 [autem]
918 2645 1040 2708 mensis
1064 2641 1168 2725 Aprili

176 2727 241 2798 ἀπὸ
264 2733 323 2817 τῆς
343 2727 541 2820 Ἀφροδίτης
563 2735 668 2800 dietus
690 2735 826 2818 uidetur,
848 2755 909 2798 nea
931 2733 1160 2816 inmeritam

176 2822 212 2886 in
232 2844 284 2887 res
306 2825 453 2888 uenerias
477 2846 514 2889 eo
536 2827 682 2909 ternpore
701 2824 809 2889 omnia
827 2823 981 2888 animalia
999 2821 1153 2887 excitentu

176 2911 339 2994 signifieat
366 2915 474 2976 autem
503 2912 614 2978 Idibus
637 2912 805 2996 Aprilibus
826 2913 970 2977 natalem
992 2911 1077 2976 diem
1099 2907 1163 2974 Mae

133 3047 162 3089 30
177 2999 299 3063 conatis
322 3020 392 3084 esse,
413 3001 449 3064 in
472 3003 562 3066 ouius
585 3002 741 3067 honorem
765 3001 921 3066 sacrificet
944 3005 977 3064 et
999 3001 1148 3084 epuletur.

263 3089 305 3154 21
329 3087 540 3174 Telephum
563 3112 670 3175 quem
693 3094 734 3155 tu
756 3090 857 3175 petis
882 3090 1088 3174 oocupauit
1108 3107 1167 3150 no

246 3287 355 3353 lgent
374 3285 412 3338 M
492 3285 699 3352 oquaerellam
718 3285 756 3338 M
835 3290 925 3353 sque
945 3283 983 3336 M
1059 3287 1089 3334 11
1108 3292 1162 3347 prro

177 3353 244 3407 flore
264 3355 302 3406 M
374 3361 405 3408 12
424 3353 521 3410 ulrent
539 3355 577 3406 M
648 3361 815 3410 romonum
834 3355 872 3408 M
943 3361 976 3409 16
994 3352 1085 3408 uueile
1104 3350 1138 3404 M

181 3429 212 3476 17
231 3423 351 3476 hilidem
370 3425 409 3478 M
485 3431 519 3478 23
538 3440 594 3478 uon
611 3427 733 3480 otiosum
750 3441 869 3496 energoa
888 3425 927 3478 M
1005 3429 1038 3478 25
1057 3423 1127 3476 diem
1144 3419 1168 3470 d

247 3499 280 3546 26
309 3495 404 3547 autem
428 3511 461 3546 ea
484 3497 558 3548 liaeo
584 3497 751 3550 eaelatura
773 3497 864 3550 deterri
943 3503 976 3550 31
1005 3493 1126 3548 Telefum
1144 3491 1168 3541 l

247 3568 280 3617 31
313 3569 430 3632 apparet
460 3565 574 3618 alteriue
608 3567 739 3621 caminis
770 3567 819 3620 too
845 3568 989 3622 exorda'um
1015 3566 1105 3618 aimon
1129 3575 1168 3614 ess

178 3633 374 3702 Porphyrium.
393 3634 429 3699 cf.
447 3634 513 3689 Aer.
