2378 3934
369 138 518 194 EPODON
538 145 572 193 14
590 140 620 193 et
640 145 680 194 15.
965 139 1028 205 167

44 304 255 368 elaboratum
287 302 332 366 ad
364 301 504 385 pedem.
549 301 611 367 hoc
639 301 711 367 ideo
740 302 829 386 quia,
860 305 898 366 ut
930 325 1028 388 snpra

44 391 228 474 ostendimus,
255 391 347 475 lyrici
369 393 498 474 poetae,
525 393 623 475 prout
649 391 730 455 libet
757 391 886 477 cuique,
913 414 1026 457 uersus

43 481 228 565 sibifingunt.
291 479 330 543 13
353 480 477 544 ureris
500 479 582 564 ipse
605 480 729 545 miser.
765 479 947 546 Maecenati
965 481 1027 546 hoc

11 627 14 652 ,
42 569 110 652 dicit,
133 569 208 653 qnia
237 569 362 652 etipse
386 569 570 633 Terentiam
599 568 723 652 dilexit,
751 569 840 634 cuius
868 572 901 634 et
929 592 1027 654 supra

43 659 74 721 sie
98 659 239 722 meminit
275 657 427 722 Manum
457 658 589 741 puella
619 658 728 722 sauio
757 657 928 742 obponat
959 661 1054 724 suos

11 815 12 836 ,
41 751 183 813 extrema
207 747 308 811 etin
331 745 478 830 sponda
501 746 623 811 cubet.
706 746 747 811 13
771 747 872 830 quod
896 748 929 814 si
951 769 1028 813 non

12 861 13 873 ¹
40 837 185 920 pulcrior
213 837 317 922 ignis
348 834 527 900 accendit
549 836 752 900 obsessam
774 835 880 901 Ilion
903 836 1027 922 gaude

40 929 121 988 sorte
141 929 218 990 tua.
250 926 285 989 in
297 925 455 989 honorem
467 923 666 989 Maecenatis
681 924 884 1010 gratificatur
898 925 1026 990 laudem

11 1027 13 1101 ζ
40 1015 198 1099 Terentiae,
227 1012 370 1078 Helenae
399 1035 471 1078 eam
501 1034 703 1097 comparans.
747 1013 810 1078 hoc
834 1016 943 1079 autem
966 1015 1025 1079 ait:

12 1109 13 1180 l
39 1104 57 1164 si
77 1125 137 1166 non
161 1102 227 1166 fuit
253 1101 379 1168 Helena
403 1103 594 1188 speciosior,
621 1101 760 1167 iucunda
787 1102 867 1168 haec
897 1104 1027 1168 miseria
1042 1123 1068 1162 10

12 1193 79 1256 ‘est
131 1196 162 1255 ct
190 1191 370 1256 accendit
396 1191 500 1257 Ilion
522 1191 562 1255 ad
586 1212 729 1256 amorem
752 1192 857 1276 magis
885 1192 1027 1277 pertinet

38 1301 109 1360 pacm
130 1279 170 1344 ad
192 1281 303 1365 ignem
326 1303 390 1367 quo
404 1280 503 1346 Troia
526 1283 668 1344 cremata
689 1283 749 1345 est.
793 1302 852 1345 nec
874 1280 1025 1346 inmerito

11 1383 12 1390 ’
38 1369 137 1454 dcitur,
160 1371 240 1455 quia
261 1371 332 1453 ipse
356 1392 448 1434 amor
471 1370 556 1454 ignis
581 1370 665 1434 solet
689 1368 760 1433 dici.

328 1544 480 1601 EPODON
499 1543 653 1599 GARMEN
674 1551 715 1599 15.

9 1655 10 1666 ’
101 1653 185 1718 Nox
219 1658 304 1719 erat
341 1657 379 1718 et
413 1655 521 1719 caelo
553 1654 733 1739 fulgebat
764 1654 855 1718 luna
888 1675 1025 1719 sereno
1041 1671 1068 1712 1⁵

37 1741 116 1807 inter
146 1743 299 1808 minora
331 1742 468 1808 sidera.
528 1743 673 1827 queritur
701 1742 740 1806 de
767 1741 908 1828 Neaera,
941 1743 1027 1828 quod

37 1853 83 1895 non
114 1836 225 1898 seruet
259 1833 355 1897 fidem
392 1831 613 1916 iurisiurandi,
645 1853 708 1916 quo
742 1854 776 1896 se
810 1833 1028 1898 obstrinxerat

37 1942 138 2005 semper
173 1943 249 1986 cum
280 1920 419 1988 Horatio
452 1922 621 1985 uicturam.
681 1921 793 1985 deinde
829 1920 1027 1985 horrendum

36 2011 118 2092 ipsum
140 2011 365 2076 iusiurandum
388 2012 460 2075 uult
482 2010 601 2075 faeere:
629 2011 734 2074 noctis
760 2009 924 2073 silentium
948 2011 1027 2091 erat,

34 2099 128 2183 inquit,
160 2120 311 2164 serenum
333 2100 474 2172 caelum,
501 2101 579 2164 luna
606 2098 744 2163 lucebat.
825 2098 846 2163 3
874 2120 958 2162 cum
984 2102 1026 2162 tu
1040 2117 1067 2157 20

34 2209 240 2273 magnorum
261 2210 400 2253 numen
422 2190 580 2253 laesura
604 2187 770 2252 deorum.
810 2186 851 2252 ad
875 2190 1027 2252 euentum

34 2277 111 2341 refert
135 2299 278 2342 numen
305 2279 462 2342 laesura
490 2278 661 2361 deornm,
691 2276 785 2361 quasi
807 2298 881 2341 cum
903 2276 1027 2340 iuraret

33 2365 82 2430 iam
93 2367 260 2450 perfidiam
273 2366 406 2431 fallendi
419 2367 455 2430 in
471 2368 579 2432 animo
596 2365 742 2430 haberet.
801 2367 823 2430 4
844 2365 885 2429 in
907 2366 1027 2430 uerba

33 2453 172 2520 iurabas
202 2477 283 2520 mea
309 2455 372 2522 hoc
400 2459 463 2522 est:
486 2458 508 2537 Τ
530 2477 611 2520 mea.
651 2476 710 2539 per
732 2477 805 2519 cum
828 2454 930 2519 uerba
952 2477 1026 2520 con-

35 2549 107 2626 cepta
128 2545 346 2609 iurisiurandi.
409 2545 430 2610 6
452 2545 573 2609 lentis
597 2543 810 2608 adhaerens
834 2543 1024 2607 brachiis:
1039 2561 1066 2601 25

34 2632 96 2696 nihi
108 2633 288 2698 adhaerens
307 2635 457 2718 amplexu
475 2634 691 2717 brachiorum,
710 2655 782 2697 eum
800 2632 881 2696 haee
894 2633 1027 2696 iurares.

105 2724 121 2786 7
161 2722 247 2786 dum
282 2722 416 2807 pecori
452 2723 565 2807 lupus
603 2725 640 2787 et
680 2721 811 2786 nautis
853 2719 1026 2784 infestus

35 2806 144 2875 Orion.
190 2810 267 2875 huic
291 2810 394 2877 simile
418 2815 468 2876 est
506 2853 511 2858 ·

102 2900 146 2965 In
168 2899 273 2965 freta
292 2901 377 2965 dum
394 2900 512 2965 fluuii
531 2903 703 2978 current,
723 2899 808 2963 dum
827 2898 1027 2963 montibus

334 2990 492 3054 umbrae
1040 3008 1068 3046 ao

7 3083 8 3128 l
103 3077 359 3163 Lustrabnnt,
401 3099 574 3144 connexa
614 3077 729 3162 polus
772 3078 860 3141 dum
898 3075 1028 3140 sidera

335 3171 480 3252 pascet.

7 3239 9 3304 l
35 3271 228 3283 “--

7 3307 9 3330 l
89 3307 209 3377 5Epod.
229 3314 254 3376 3,
273 3313 305 3362 21
381 3314 414 3362 29
434 3307 518 3377 Uerg.
537 3308 605 3362 Aen,
627 3313 651 3374 1,
671 3312 722 3360 607

35 3395 228 3410 ἣ--ι-

90 3434 168 3487 lnt:
187 3433 210 3487 de
228 3433 267 3486 M
346 3431 930 3501 2cuique:cu1usq3Mquoscnmqucq
1012 3436 1028 3482 8

36 3506 382 3559 nonorem..terrent1ae
401 3504 440 3557 M
501 3509 535 3557 10
554 3507 704 3571 spanosnor
723 3500 761 3554 M
824 3506 961 3567 mquam
980 3499 1028 3552 ad·

36 3572 91 3626 didit
108 3575 201 3647 Pauly
273 3592 340 3644 qno:
360 3575 436 3644 qnod
456 3575 494 3628 M
557 3579 589 3626 18
609 3573 698 3625 oratio
718 3570 757 3623 M
818 3576 850 3623 21
871 3584 972 3622 nomen
992 3567 1031 3619 M

74 3651 104 3698 24
122 3663 166 3701 me
180 3649 333 3717 praeeunte
346 3646 451 3701 uerba?
506 3640 710 3698 251us1urand1
726 3641 764 3692 M
817 3645 851 3692 27
866 3637 975 3690 mlestn
991 3635 1031 3688 M
