2378 3934
426 113 575 170 EPODON
594 121 619 170 5.
973 115 1037 180 153

34 281 116 342 nato
134 299 216 344 cum
230 279 349 343 semel
362 277 463 344 fixae
478 276 564 343 eibo
578 277 844 346 intabuissent
857 279 1036 363 pupulas:

35 367 105 432 fixae
127 367 209 432 cibo.
276 365 319 430 41
343 388 421 433 non
443 365 613 432 defuisse
640 367 832 434 masculae
859 368 1036 434 libidinis

35 455 310 524 Ariminensem
331 453 489 522 Foliam.
535 454 614 519 dicit
636 456 734 524 etiem
756 455 882 521 Foliam
904 457 1037 522 nomine

34 543 200 610 ueneficam
229 544 306 612 huie
338 545 449 610 sceleri
480 543 673 610 intcrfrdrse.
728 545 814 628 quod
850 545 897 609 ait
928 548 1037 610 autem

35 635 217 700 masculae
253 633 433 700 libidinis
470 632 511 696 ad
533 632 568 696 id
589 633 743 717 pertinet,
779 635 865 718 quod
887 633 1063 698 dicanture
1181 685 1182 700 i

36 721 183 803 quaedam
204 723 356 790 mulieres
383 722 501 789 habere
524 726 632 786 watra
657 725 808 788 naturam
835 724 1037 788 monstrosae

36 809 166 876 libidinis
190 810 399 878 concubitum
421 831 491 876 carn
512 809 651 878 feminis.
696 831 760 894 qno
782 811 916 876 crimine
937 811 1037 876 etiam

34 895 154 984 ¹Sappho
180 901 264 968 male
293 899 403 965 audiit.
470 900 513 964 43
537 901 574 964 et
603 899 730 965 otiosa
754 900 917 966 credidit
939 897 1037 968 Nee·

35 987 131 1072 polis
178 988 309 1056 uidetur
333 988 514 1074 significare
537 989 641 1054 scelus
663 987 726 1053 hoc
745 986 884 1072 Neapoli
905 989 1037 1058 factum.

35 1097 107 1160 uam,
130 1081 169 1140 ut
194 1099 292 1162 supra
315 1077 463 1163 diximus,
476 1075 623 1144 Gratidio
640 1076 721 1144 haec
734 1075 953 1164 Neapolitana
964 1078 1037 1144 fuit.
1051 1095 1077 1136 ιο

35 1161 196 1248 Neapolim
228 1169 337 1233 autem
368 1167 507 1234 otiosam
536 1187 596 1251 pro
630 1164 806 1252 ‘quietam'
839 1167 920 1231 dixit
942 1167 1037 1234 simul

36 1254 97 1338 quia
127 1255 245 1324 otiosis
274 1255 309 1320 id
332 1258 382 1320 est
403 1256 489 1321 uitae
513 1254 679 1342 quietioris
703 1255 889 1340 aptissimus
911 1255 966 1320 ille
989 1276 1036 1320 se·

37 1363 129 1407 assus
144 1347 206 1410 est.
256 1345 299 1410 47
318 1343 381 1412 hio
398 1345 632 1414 inresectum
651 1344 896 1412 secundante
915 1343 1036 1410 liuida

38 1429 190 1498 Canidia
220 1432 361 1501 rodens
392 1434 584 1518 pollicem.
628 1454 688 1517 pro
706 1433 753 1498 rei
771 1433 941 1497 atrocitate
955 1432 1037 1498 mira

36 1519 99 1583 baec
122 1521 226 1602 [idem
248 1522 408 1607 positura]
439 1521 576 1607 epithesi
603 1523 795 1636 asperantur
828 1519 1037 1588 ‘inresectum
1050 1536 1076 1580 rs

38 1609 189 1692 pollicem'
222 1614 255 1678 et
282 1609 395 1676 ‘saeua
417 1609 513 1678 dente
536 1609 662 1676 liuido.
707 1610 763 1675 sed
785 1609 865 1676 illud
897 1610 1037 1694 attende,

37 1701 63 1758 ut
92 1697 221 1766 duabus
257 1699 551 1784 praepositionibus
581 1703 779 1785 exaggerata
811 1699 854 1764 sit
884 1697 1037 1763 facinoris

38 1787 193 1854 atrocitas:
216 1788 451 1856 inresectum
473 1811 533 1873 pro
557 1787 667 1852 ‘ualde
686 1792 719 1853 et
741 1789 869 1872 saepius
892 1785 1037 1854 sectum'.

107 1877 150 1942 49
193 1876 285 1960 quid
316 1877 415 1942 dixit
447 1881 512 1942 aut
539 1876 630 1962 quid
656 1877 789 1942 tacuit.
835 1897 948 1942 sensus
972 1879 1036 1940 est:

38 1983 102 2046 quae
131 1966 258 2032 scelera
289 1987 376 2032 nunc
406 1965 487 2030 dixit
516 1969 573 2030 aut
602 1987 683 2049 quae
711 1964 839 2030 silentio
862 1963 1077 2049 praeterires

38 2053 148 2134 potuit?
219 2055 263 2119 49
297 2077 316 2120 o
345 2054 457 2118 rebus
489 2054 582 2119 meis
614 2074 691 2118 non
719 2052 902 2119 infideles
935 2052 1037 2117 arbi-

38 2148 111 2208 trae.
156 2143 237 2210 hino
259 2143 326 2210 iam
348 2139 501 2210 Canidiae
524 2142 625 2209 uerba
647 2145 732 2211 sunt.
799 2140 842 2206 53
874 2141 1038 2208 nuncin

38 2227 188 2299 hostiles
232 2231 365 2298 domus
410 2232 506 2298 iram
549 2234 663 2316 atque
706 2251 845 2296 numen
885 2230 1038 2298 uertite.

38 2313 108 2384 Uero
121 2320 205 2387 haec
219 2320 413 2404 inprecatur,
436 2341 456 2384 a
474 2339 538 2404 quo
555 2317 791 2390 fastidiebatur.
859 2317 901 2383 59
926 2319 1037 2404 quale

39 2425 99 2470 uon
128 2406 347 2494 perfectius
376 2428 480 2477 meae
515 2405 735 2472 laborarint
770 2429 912 2476 manus.
961 2407 1077 2480 hincm

40 2494 103 2558 scias
125 2496 229 2580 illam,
251 2499 289 2563 ut
310 2494 458 2578 diximus,
479 2495 729 2581 unguentariam
751 2495 860 2562 fuisse.
906 2496 1037 2562 attende

40 2587 129 2648 sutem
153 2585 371 2654 elocutionem
403 2585 438 2650 in
468 2585 657 2650 soloecismo
690 2585 900 2650 constitutam
932 2582 1038 2669 ‘quale

41 2690 91 2736 uon
115 2672 319 2760 perfectius',
348 2695 421 2740 cum
454 2674 497 2741 sit
526 2673 710 2742 dicendum:
748 2695 811 2757 quo
839 2693 907 2737 non
933 2672 1037 2757 perfe-

42 2759 114 2826 ctius.
184 2763 228 2832 61
257 2762 347 2846 quid
369 2762 523 2830 accidit
568 2783 634 2826 our
656 2761 739 2828 dira
761 2761 947 2829 barbarae
970 2761 1037 2828 mi-

10 2907 11 2914 ,
42 2865 96 2912 uus
124 2872 277 2917 uenena
305 2850 470 2921 Medeae.
506 2850 706 2938 indignatur
733 2871 860 2921 uenena
887 2868 1078 2920 suanense

11 3141 12 3148 ἵ
98 3079 285 3134 lmtabursse
302 3078 406 3148 popule
430 3080 469 3132 M
538 3079 782 3148 tiatelleyerrdam
799 3080 909 3134 aidane
929 3077 1035 3146 ‘iunge’

11 3161 12 3168 ¹
44 3144 170 3204 ret‘ordo
188 3151 332 3217 estrfisoe
349 3150 435 3204 eito'.
517 3149 650 3208 sanna
667 3151 767 3210 addidi
855 3148 1037 3204 aaudrtre.

44 3213 130 3278 ΗΜ,
155 3221 195 3274 Μ
289 3227 322 3276 10
344 3222 389 3278 uta
412 3221 493 3276 &M
581 3225 614 3279 12
640 3220 808 3288 quistione
898 3225 930 3274 13
949 3217 1038 3273 hbrdc

47 3285 73 3338 Μ
142 3297 176 3346 15
201 3291 278 3350 idem
296 3293 421 3361 pentura
440 3317 474 3340 a
491 3290 522 3346 id
541 3293 585 3346 ost
601 3290 772 3361 inpositura,
790 3290 1039 3365 interpretationem

45 3359 105 3416 cra·
121 3362 256 3433 epitbeeis
274 3363 370 3424 debui.
406 3363 472 3418 boec
494 3363 684 3431 interpretatio
708 3379 795 3432 sopra
814 3362 927 3427 liorem,
950 3361 1038 3418 altero

46 3427 79 3492 (tt
94 3435 128 3490 dd
144 3451 175 3489 a.
193 3438 242 3501 33)
269 3436 301 3492 ia
325 3434 450 3504 marciae
477 3433 619 3501 adscripto
645 3438 704 3489 erat
726 3433 827 3490 codicia
845 3432 986 3501 archetype·

49 3505 71 3552 16
84 3519 152 3576 caua
191 3505 291 3560 edente
313 3505 402 3564 bbrdo
426 3505 464 3560 M
553 3510 586 3560 17
609 3505 759 3574 exagerata
778 3504 817 3558 M
903 3507 938 3556 20
965 3518 1038 3555 nuno

49 3577 237 3702 ”3110an
263 3595 281 3646 ς
304 3583 329 3634 et
353 3592 444 3637 aomar.
474 3574 578 3644 Oruqo.
671 3579 705 3628 23
738 3575 836 3629 damus
860 3573 898 3626 M
1003 3575 1037 3624 27

50 3656 63 3706 l
97 3661 139 3701 em
