2378 3934
363 149 486 207 SERMO
505 154 526 221 Ι,
546 159 570 221 4,
590 159 702 210 ac-eo.
970 153 1033 218 211

30 316 81 399 qui
107 316 259 399 scripta
281 315 367 380 foro
395 315 563 380 recitent
591 320 682 381 sunt
712 317 833 382 multi.
896 315 933 382 ἐν
956 312 1036 382 ὑπο-

29 398 1036 580 tantillae?llllllllllllnllllltllllll&

29 584 211 647 lauantes.
244 586 278 646 et
297 586 346 646 est
365 603 492 647 sensus:
517 583 573 647 sed
593 583 673 648 dicis
695 584 816 648 multos
838 584 885 648 ita
904 585 1037 670 gloriari

29 672 54 734 in
72 671 227 736 uersibus
252 671 328 757 suis,
349 675 388 735 ut
410 693 466 736 eos
490 672 588 736 etiam
609 673 645 735 in
667 673 773 736 medio
793 672 864 738 foro
886 673 1062 756 recitent35

30 761 201 845 consentio,
224 780 261 825 ac
281 782 350 825 non
372 763 501 825 tantum
524 761 579 844 ibi,
600 783 714 826 uerum
737 761 834 825 etiam
856 763 892 826 iu
910 762 1035 826 balneis

30 849 100 913 hace
129 849 215 931 fieri,
244 849 362 934 quippe
390 869 460 914 acm
488 851 630 914 suauiter
661 871 818 915 resonans
850 873 915 916 uox
945 851 1035 936 ipsos

29 959 135 1002 uersus
158 937 369 1022 gratiosiores
390 938 499 1003 faciat.
532 939 587 1004 sed
609 943 716 1004 totum
737 940 800 1005 hoc
821 939 1036 1004 urbanissime

29 1026 238 1092 amaritudine
270 1027 395 1092 dicitur.
487 1029 529 1092 79
561 1031 599 1092 et
630 1027 701 1093 hoc
733 1028 861 1093 studio
894 1051 1036 1113 prauus

28 1115 128 1181 lacis.
174 1119 284 1199 potest
306 1113 344 1180 ἐν
366 1110 540 1202 ducllum}
563 1117 679 1202 accipi:
702 1137 804 1200 prauo
828 1117 934 1182 studio
955 1117 1035 1182 iacis
1051 1143 1075 1182 ιο

30 1205 91 1270 hoc.
164 1205 206 1269 79
230 1206 397 1290 petitum
419 1204 491 1271 hoc
513 1206 553 1270 in
575 1228 630 1270 me
653 1206 759 1270 iacis.
804 1205 898 1289 unde,
921 1206 1037 1291 inquit,

30 1295 144 1358 crimen
170 1293 235 1358 hoc
261 1294 297 1358 in
323 1316 375 1358 me
403 1294 550 1380 colligis?
580 1298 613 1358 et
638 1294 701 1359 hoc
724 1296 821 1378 poeta
843 1295 972 1378 proprie
997 1294 1035 1358 de

31 1405 55 1446 se
86 1383 176 1446 dicit.
229 1386 280 1447 est
311 1385 419 1447 autem
448 1383 686 1468 metaphoricos
718 1383 839 1446 dictum
872 1382 964 1466 quasi
996 1383 1035 1446 de

30 1473 84 1536 telo
109 1471 220 1555 aliquo
245 1474 302 1536 aut
324 1471 440 1556 lapide,
463 1472 519 1556 qui
540 1473 667 1537 tollitur
689 1472 801 1556 utique
820 1471 976 1555 alicunde,
999 1475 1036 1534 ut

31 1562 179 1625 mittatur.
247 1561 289 1626 81
314 1561 512 1625 absentem
536 1561 600 1644 qui
622 1561 726 1626 rodit
749 1561 909 1625 amicum
932 1563 1075 1624 cire-15

31 1649 119 1732 liqna.
163 1649 246 1714 haec
269 1650 367 1714 etiam
395 1650 538 1734 grairiter
565 1649 724 1715 dicuntur.
814 1649 858 1715 82
886 1649 1036 1714 solutos

33 1739 85 1820 qui
108 1739 243 1822 captat
275 1739 375 1803 risus
401 1739 597 1804 hominum
633 1738 696 1803 hoc
724 1742 786 1803 est:
837 1739 892 1822 qui
915 1759 1036 1803 meram

32 1825 242 1890 urbanitatem
264 1831 368 1912 putat,
391 1828 419 1892 si
440 1827 601 1912 carpendo
620 1827 760 1911 aliquem
779 1827 880 1891 risum
903 1827 1035 1890 circum-

33 1916 185 1980 stantibus
208 1919 347 1980 moueat.
437 1915 480 1982 85
508 1917 570 1980 hic
597 1916 709 2001 niger
735 1918 795 1980 est
821 1915 854 1978 id
887 1917 950 1979 est:
982 1915 1036 1980 hic

32 2005 125 2068 malus
148 2025 188 2068 ao
210 2008 390 2070 uenenatas
413 2008 471 2070 est.
516 2005 646 2089 nigrum
669 2008 778 2069 autem
800 2025 860 2088 pro
882 2005 969 2068 malo
998 2025 1035 2068 ec
1049 2029 1075 2068 ao

3 2121 5 2192 ὲ
33 2094 118 2158 noxio
152 2093 199 2156 sic
232 2093 325 2176 dixit,
355 2096 393 2158 ut
422 2091 629 2178 Uirgilius:
668 2091 781 2179 Nigri
818 2114 900 2158 eum
935 2093 1035 2157 lacte

3 2197 5 2242 ᾳ
33 2183 170 2246 ueneni.
243 2183 284 2247 87
309 2204 326 2246 e
350 2181 489 2266 quibus
511 2205 610 2249 unus
633 2187 721 2247 auct
744 2183 881 2267 queuis
904 2203 1035 2266 aspar·

3 2299 5 2380 p
33 2291 111 2352 gere
130 2270 771 2357 cunctoszprobrisseilicetaspargere.
818 2271 861 2336 88
879 2274 1035 2354 praeter

33 2379 104 2423 eum
131 2360 197 2444 qui
224 2359 385 2443 praebet
412 2381 546 2444 aquam
572 2361 606 2424 id
635 2363 698 2424 est:
722 2361 777 2443 qui
808 2361 920 2442 pascit.
979 2361 1036 2424 sed

3 2475 4 2538 ᾗ
34 2448 191 2512 uideamus
219 2469 263 2511 am
291 2448 460 2513 commoda
487 2449 688 2533 synecdoche
717 2449 760 2512 sit
788 2447 917 2532 ‘aquam
944 2470 1033 2532 prae·
1049 2474 1074 2514 aa

3 2567 5 2610 3
34 2535 109 2601 bere'
132 2537 238 2602 dicere
261 2559 320 2620 pro
344 2536 509 2622 ‘pascere’.
567 2538 609 2602 89
633 2537 791 2602 condita
814 2559 896 2602 cum
918 2559 1035 2600 uerax

3 2669 5 2816 r
34 2625 556 2818 1112112112
575 2625 1035 2817 1111111111

3 2819 5 2962 l
36 2803 370 2976 88808111ῗο
384 2805 772 2977 8888881818
787 2803 965 2957 llll?
980 2801 1074 2976 iim

39 3007 236 3019 Ἢ

97 3056 127 3104 21
145 3051 215 3104 Aen.
235 3058 262 3118 4,
281 3053 333 3104 514

40 3147 236 3158 Ἣ

98 3189 346 3279 mmo-raeco
366 3208 419 3262 err
439 3211 477 3262 m
564 3215 579 3264 a
600 3211 682 3279 quaa
700 3209 809 3280 Pauly.-
827 3226 883 3278 qua
903 3208 941 3262 m
1017 3215 1034 3262 4

43 3297 91 3349 aad:
107 3299 146 3352 si?
226 3297 333 3352 multos
350 3296 393 3352 ita
410 3297 578 3352 Fabricius:
595 3297 685 3352 multo
704 3315 779 3352 anun
798 3297 837 3351 M
904 3302 1034 3352 euersos

3 3385 5 3432 j
43 3365 75 3418 M
131 3369 266 3424 9stndeo
286 3369 325 3422 M
396 3375 429 3424 10
448 3364 480 3424 ἐν
498 3363 644 3438 duonum
662 3385 726 3423 coe:
745 3368 917 3438 ethrballage
938 3368 976 3422 M

3 3445 4 3454 ¹
45 3443 71 3488 11
84 3439 129 3494 hoc
150 3457 212 3494 cum
235 3438 307 3494 facis
323 3441 408 3494 ammi
499 3446 531 3493 12
550 3457 665 3508 propria
684 3440 723 3493 M
811 3445 844 3492 13
862 3439 1034 3494 mbaforroos

3 3519 4 3528 ¹
46 3507 76 3559 Μ
132 3518 166 3566 20
181 3512 304 3566 uenatus
324 3511 362 3564 M
431 3510 506 3565 malo
525 3511 657 3564 aobnoxio
676 3510 715 3564 M
784 3516 818 3563 22
837 3511 886 3563 eut
905 3525 1033 3577 quamuis

47 3577 76 3630 Μ
131 3587 164 3636 al
182 3583 244 3652 qui:
264 3599 331 3650 quia
350 3582 389 3636 M
459 3580 911 3647 25s1neodoche·s1ttamquam
931 3579 969 3630 M

47 3653 73 3702 26
87 3668 151 3708 cum:
170 3669 223 3709 con
242 3653 282 3706 M
351 3657 385 3708 28
403 3653 558 3722 permtiora
577 3651 615 3704 M
685 3649 830 3704 291811

764 3736 820 3789 14*
