2416 3934
385 163 456 220 ODE
476 165 511 236 Η,
532 171 565 220 14
584 167 613 220 et
633 173 674 220 15.
992 169 1036 234 65

82 328 106 391 4
127 327 419 411 indomitaeque
442 328 567 394 morti.
603 329 816 394 indomitae
839 331 931 414 quasi
952 330 1035 397 fero-

37 416 178 501 cissimae,
209 417 288 500 quia
316 437 411 482 nemo
442 417 483 481 ab
512 439 551 482 ea
572 417 810 503 indulgentiam
834 423 957 504 exoret3
990 422 1035 486 sio

37 511 57 568 et
71 505 399 570 inlacrimabilem
421 504 591 571 Plutona
610 506 722 570 statim
740 507 866 572 subicit.
926 509 944 573 7
969 511 1035 594 qui

37 597 74 656 ter
99 594 267 678 amplum
291 591 504 678 Geryonen.
540 598 599 660 ter
622 596 790 680 amplum
812 619 872 681 pro
893 598 1034 662 trimem-

35 683 67 745 bu'
97 682 187 747 dixit.
233 686 267 746 et
299 683 520 767 accipiendum
551 684 604 748 hic
636 685 835 752 extrinsecus
868 685 1060 771 ‘quamuisa

35 775 67 834 ler
89 768 145 858 [et]
172 770 343 856 amplnm'.
411 773 452 836 10
475 773 704 857 quicumque
726 777 854 838 terrae
877 796 1033 840 munere

35 861 212 924 uescimur
242 881 301 943 pro
332 859 541 946 ‘quicumque
570 861 738 928 uiuimus'.
822 863 862 928 13
885 863 1034 929 frustra

35 951 181 1013 cruento
204 947 249 1012 Μ.
269 969 295 1013 c.
335 951 519 1033 praeeuntia
541 950 684 1034 pericula
708 973 905 1037 magnopere
928 951 1032 1020 uitare

34 1038 728 1211 llfflu⁵a⁰lt0ldtllllt”illim
744 1041 1033 1213 altfridi·

88 1176 96 1190 .
624 1178 631 1193 ο
693 1177 700 1192 ι
1020 1168 1031 1178 “
1047 1164 1072 1202 10

34 1224 75 1278 tur.
130 1216 171 1279 19
190 1214 471 1300 damnatusque
490 1217 600 1302 longi
621 1215 813 1301 Sisyphus
834 1218 1033 1302 Aeolides,

33 1304 163 1368 laboris
201 1303 406 1369 damnatus
443 1305 488 1370 sio
521 1304 639 1370 dicitur
670 1309 707 1370 ut
740 1305 870 1390 ‘capitis
899 1307 1030 1371 damna·

34 1391 94 1456 lus'.
153 1393 198 1457 23
221 1396 378 1477 praeter
400 1393 551 1458 inuisas
575 1416 795 1478 cupressos,
817 1396 933 1480 inquit,
956 1396 1031 1479 quia

33 1481 184 1547 tueribus
206 1482 350 1565 cupressi
373 1481 619 1548 adhibebantur.
654 1483 811 1547 breuem
835 1487 943 1548 autem
965 1483 1031 1548 do-

35 1572 157 1635 ninum
187 1570 295 1635 idest
323 1570 446 1636 ‘breuis
468 1570 581 1636 uitae'.
649 1571 693 1636 25
717 1573 893 1637 absumet
919 1573 1071 1647 heres15

35 1657 193 1724 Caecuba
213 1659 372 1744 dignior
393 1664 547 1726 seruata
568 1665 722 1726 centum
740 1661 927 1728 elauibus.
951 1662 1032 1728 haec

36 1769 88 1812 um
109 1748 297 1814 inuentione
320 1748 471 1814 dicuntur
498 1749 685 1834 corripienti
712 1771 843 1835 aeuum,
872 1751 959 1835 quod
989 1752 1030 1816 ad

33 1838 147 1902 nimiam
171 1838 405 1920 parsimoniam
432 1860 466 1902 se
495 1838 699 1924 constringat
726 1839 916 1924 adseruans,
944 1840 1030 1924 quod

33 1925 106 1990 heres
127 1926 267 2012 prodige
291 1926 333 1991 sit
356 1926 523 1992 abusurus.
614 1928 657 1992 26
681 1932 718 1992 et
740 1949 842 1992 mero
872 1929 1030 2013 tinguet

33 2016 279 2096 pauimentum
302 2015 475 2100 superbo.
513 2015 693 2082 effusurum
714 2037 787 2080 eum
804 2017 928 2100 passim
950 2017 1028 2082 uina
1042 2052 1070 2091 20

34 2104 189 2189 significat,
228 2125 310 2188 quae
347 2105 401 2169 hic
436 2125 634 2190 magnopere
672 2109 860 2170 seruauerat
894 2105 1029 2171 reclusa.

34 2193 180 2276 superbo
204 2197 315 2258 autem
339 2194 553 2276 [pauimento]
576 2216 637 2278 pro
660 2194 729 2278 ipse
753 2195 919 2278 superbus.

432 2385 505 2440 Onu
524 2392 549 2455 a,
571 2393 612 2441 15.

102 2495 181 2560 Iam
204 2516 327 2580 pauca
350 2499 443 2560 arat.
470 2496 614 2582 iugera.
659 2495 721 2562 hac
744 2490 816 2585 ᾠδῇ
839 2497 878 2561 de
901 2496 1029 2561 luxuria

35 2584 193 2664 praesentis
217 2583 338 2649 saeculi
362 2584 514 2669 queritur.
561 2607 675 2650 sensus
705 2589 755 2650 est
782 2588 904 2650 autem:
934 2589 1028 2649 tanta
1042 2621 1069 2660 25

36 2673 114 2738 libido
137 2677 187 2738 est
208 2673 272 2738 hoc
294 2677 440 2756 tempore
463 2674 561 2738 latius
589 2674 778 2760 porrigendi
806 2673 963 2757 aedificia,
992 2678 1028 2737 ut

36 2760 107 2826 breui
128 2763 271 2828 defuturi
294 2763 361 2826 sint
383 2763 454 2848 agri
477 2763 624 2828 arationi.
669 2763 690 2828 2
714 2763 882 2846 undique
905 2761 1028 2826 latius

37 2855 172 2916 extenta
193 2852 374 2916 uitentur
391 2850 559 2917 Lucrino
581 2855 722 2937 stagna
741 2854 837 2916 lacu.
875 2872 943 2916 non
956 2854 1028 2916 tan-

37 2946 102 3023 tum,
125 2940 245 3025 inquit,
272 2941 308 3004 in
334 2940 539 3005 latitudinem
567 2941 622 3005 sed
645 2941 743 3006 etiam
765 2942 801 3005 in
824 2941 1029 3004 altitudinem

37 3027 148 3093 student
168 3029 334 3114 porrigere
357 3028 516 3113 aedificia3
539 3029 676 3114 denique
699 3029 841 3115 undique
862 3029 952 3094 lacus
966 3028 1029 3094 Lu·
1043 3065 1072 3105 30

39 3115 126 3181 eunus
147 3117 362 3202 prospicietur
384 3118 420 3182 in
443 3116 631 3202 Campania.
676 3140 745 3184 non
771 3122 879 3183 autem
909 3118 1029 3182 latius

40 3207 174 3271 extenta
204 3210 343 3291 stagna
372 3207 643 3292 intellegendum,
673 3208 728 3272 sed
758 3209 878 3272 latius
901 3207 1028 3271 uisen-

42 3361 227 3375 'k-

99 3453 294 3510 llerocrsnma
314 3453 352 3506 M
440 3453 552 3508 4Ger.:
580 3471 607 3522 g.
628 3449 665 3506 M
754 3451 916 3520 dquamuis
940 3453 973 3503 ut
991 3451 1029 3504 sit

44 3523 147 3585 quamuis
163 3527 205 3580 ter
223 3525 385 3594 amplumg
466 3531 499 3578 10
517 3541 609 3579 raucis
629 3525 667 3576 M
743 3519 1028 3590 1110ng1see0hdes

46 3591 76 3642 Μ
132 3601 162 3650 15
178 3597 258 3670 heres
278 3596 383 3650 cceuba
403 3595 441 3648 M
512 3601 545 3649 1⁷
563 3607 725 3648 muecmone
745 3592 784 3644 M
854 3597 886 3642 19
906 3605 940 3642 aa
957 3588 1027 3640 mbo

46 3676 99 3715 con.
116 3666 147 3719 M
213 3673 245 3722 22
265 3666 429 3736 pauimnto
448 3667 536 3722 deleat
609 3669 642 3718 ab
663 3663 772 3717 edrfrtra
792 3661 830 3712 M

88 3771 101 3808 P
102 3783 231 3817 ooooooooo
441 3807 447 3822 .
799 3752 814 3799 5
