2378 3934
370 153 442 209 con
462 156 509 224 111,
530 155 672 211 11et12.
984 153 1027 218 97

105 317 145 384 35
169 318 269 382 etin
293 339 400 383 omne
421 317 534 403 uirgo
557 315 704 384 nobilis
723 339 871 383 aeuum:
894 322 1028 402 propter

36 411 167 493 pietatem
192 407 328 491 scilicet,
360 428 457 490 quam
483 405 602 472 marito
625 406 797 491 praestitit.
865 407 907 471 41
932 428 1028 491 quae

35 499 123 562 uelut
135 499 301 562 nanctae
315 495 462 560 uitulos
477 495 650 560 leaenae:
666 495 896 561 uelutleaenae
906 496 1027 585 uitulos

34 589 158 650 nanctae.
227 584 272 650 45
299 605 354 648 me
386 587 497 668 pater
534 585 662 650 saeuis
699 587 834 648 oneret
870 585 1028 650 catenis.

34 675 211 739 extrinsecus
235 673 430 738 audiendum
453 672 493 737 ‘si
515 671 622 757 putat'
645 673 698 739 nel
721 673 799 756 quid
820 673 896 756 tale,
919 677 956 738 ut
970 674 1054 738 sica
1175 669 1176 724 ἓ

34 785 71 827 ne
88 767 187 848 pater,
212 763 240 827 si
262 765 366 847 putat,
389 762 495 827 saeuis
514 761 637 826 catenis
656 765 770 827 oneret
782 782 841 845 pro
855 761 918 827 hoc
930 762 1027 828 facto.

102 852 141 916 51
174 855 213 915 et
235 851 362 916 nostri
384 871 589 916 memorem
611 851 788 934 sepulcro
812 872 836 915 s.
855 874 885 935 q.
908 851 941 916 id
964 855 1026 917 est:

34 944 224 1006 nocumento
263 961 334 1006 meo
372 939 511 1006 inscribe
552 939 667 1004 mortis
695 959 785 1004 meae
809 940 933 1021 [casum
961 942 1026 1022 uel]

34 1049 148 1094 anunm.

433 1163 506 1220 ODE
526 1172 550 1234 3,
572 1171 613 1221 12.
1042 1181 1067 1219 ro

99 1275 329 1342 Miserarum
352 1277 410 1341 est
432 1296 554 1359 neque
577 1297 605 1339 a.
620 1274 649 1341 d.
668 1273 688 1340 l.
711 1275 772 1341 hac
795 1269 866 1365 ᾠδῇ
887 1279 1028 1342 testatur

35 1365 179 1430 nsuanem
219 1386 289 1429 esse
325 1364 428 1428 uitam
465 1363 534 1428 sinc
569 1363 735 1429 hilaritate
767 1368 800 1429 et
831 1386 954 1449 amore,
990 1387 1027 1430 ac

35 1453 124 1518 deinde
156 1451 303 1538 puellam
334 1451 497 1537 quandam
530 1455 659 1537 captam
686 1453 791 1536 specie
814 1453 1028 1518 adrdescentis

36 1540 172 1608 describit.
243 1543 409 1628 2neque
433 1539 536 1605 dulci
565 1541 665 1606 mala
695 1542 787 1607 uino
809 1543 926 1607 lauere.
972 1563 1026 1606 an·

37 1632 102 1713 liqna
119 1631 340 1697 declinatione
360 1627 523 1695 ‘lauare'
549 1627 642 1715 dixit,
664 1650 731 1694 non
755 1628 906 1696 ‘lauare’.
950 1640 1068 1696 nam1⁵

36 1719 124 1784 tertiae
153 1719 396 1804 coniugationis
428 1717 490 1784 hoc
520 1718 655 1788 uerbum
684 1718 769 1802 apud
796 1721 922 1784 ueteres
950 1723 1028 1784 erat.

35 1807 158 1874 sicenim
174 1808 396 1873 declinabant:
419 1807 494 1873 lano
513 1807 596 1872 lauis
615 1807 705 1892 lauit,
727 1829 807 1872 non:
830 1809 914 1893 lano,
936 1810 1027 1873 lanas

34 1895 107 1961 lauat.
175 1897 198 1962 3
223 1900 290 1961 aut
313 1895 526 1961 exanimari
549 1896 758 1960 metuentis
782 1920 812 1981 p.
826 1919 857 1961 n.
870 1897 891 1962 l.
915 1917 1028 1961 sensus

34 1989 78 2048 est:
107 1989 163 2050 aut
203 1985 342 2050 cruciari
376 1984 590 2071 castigatione
628 1984 808 2050 uerborum.
866 1988 1028 2069 patruae

35 2078 119 2138 antem
142 2075 303 2159 linguae
326 2095 385 2158 pro
400 2072 553 2138 ‘seuerae'
571 2073 723 2157 positum.
768 2072 920 2137 uidentur
942 2073 1029 2138 enim
1043 2083 1069 2122 ²⁰

36 2164 119 2242 patrui
133 2162 395 2228 adulescentibus
410 2161 620 2248 corripiendis
639 2161 831 2227 austeriores
847 2183 916 2227 esse
931 2182 1029 2246 quam

37 2255 132 2336 patres,
171 2251 290 2336 quibus
320 2253 438 2316 natura
469 2251 541 2335 ipsa
576 2250 811 2336 indulgentiam
841 2251 1029 2336 plerumque

38 2343 194 2426 extorquet.
264 2339 380 2405 5tibi
410 2341 572 2424 qualum.
618 2340 771 2423 qualum
793 2341 1029 2425 metonymicos

37 2447 79 2507 pro
106 2428 249 2494 lanificio
280 2427 369 2493 dixit.
419 2429 475 2493 sed
505 2428 654 2492 mulieres
688 2450 747 2513 per
776 2428 1028 2495 deminutionem

38 2519 182 2583 nascnlum
205 2517 268 2582 hoc
286 2521 446 2602 usurpant
461 2518 632 2603 quasillum
647 2517 798 2582 dicentes.
842 2517 905 2583 hoc
921 2522 1029 2583 autem
1044 2535 1069 2575 2⁵

38 2611 81 2690 en,
104 2609 141 2672 in
162 2629 226 2691 quo
241 2627 343 2690 pensa
356 2607 409 2670 nel
422 2610 544 2670 trames
558 2607 740 2672 reuolnunt.
805 2607 825 2671 8
849 2606 1029 2690 Liparaei

39 2695 119 2759 nitor
146 2695 275 2760 Hebri.
320 2695 397 2759 hinc
418 2696 538 2760 transit
561 2695 602 2759 ad
624 2695 752 2760 laudem
774 2693 877 2758 Hebri
898 2694 1029 2759 nomine

39 2781 243 2868 adulescentie,
267 2803 363 2867 quem
395 2782 575 2849 aNeobule
607 2784 710 2847 amari
741 2783 871 2848 indicat.
916 2781 1029 2868 Lipa-

40 2873 98 2936 raei
120 2877 227 2938 autem
251 2871 400 2955 aLipare
422 2873 537 2955 insula,
560 2874 597 2935 ut
620 2872 647 2936 si
671 2872 791 2937 diceret
813 2870 1031 2956 ‘Liparensis’.

74 3011 77 3017 .
107 2961 259 3028 9simul
281 2965 420 3026 unctos
444 2961 642 3025 Tiberinis
674 2983 825 3026 umeros
869 2962 968 3026 lauit
990 2961 1071 3025 inco

43 3049 133 3115 undis
182 3071 298 3135 eques
334 3050 418 3135 ipso
456 3072 498 3116 m.
535 3049 612 3114 Bel.
685 3050 822 3114 diximus
869 3054 901 3115 et
934 3071 1031 3135 supra

43 3135 239 3204 adulescentes
262 3142 338 3223 post
359 3139 546 3204 exercitium
569 3142 748 3223 campestre
771 3139 806 3202 in
824 3137 934 3204 Tiberi
952 3160 1030 3203 nare

97 3316 190 3384 ntale,
209 3317 242 3370 ut
260 3313 309 3368 eit:
327 3329 373 3368 me
391 3317 485 3383 pater,
504 3314 528 3369 si
545 3329 608 3369 acc:
626 3313 684 3368 tale
702 3329 748 3368 me
766 3315 848 3382 pater
866 3315 899 3368 ut
917 3331 941 3369 er
960 3315 999 3369 M

46 3386 150 3441 remum
172 3386 219 3441 uel
241 3385 299 3439 cod.
321 3383 420 3440 Bomb
444 3391 469 3439 et
492 3385 573 3440 Mon.
597 3387 652 3440 375
675 3399 725 3439 om.
818 3390 850 3439 13
869 3387 976 3454 spetiae
996 3385 1035 3438 M

99 3461 127 3510 15
156 3455 356 3512 declinationer
389 3455 540 3511 declinatio
573 3456 612 3509 M
629 3474 646 3523 ς
737 3461 770 3510 16
802 3455 915 3510 tertiae:
949 3471 1031 3522 quar·

49 3534 79 3578 tae
95 3527 126 3581 M
205 3533 238 3582 25
270 3527 424 3596 uosculnm,
457 3543 513 3582 aa.
532 3527 560 3594 t,
593 3527 632 3580 M
714 3541 795 3594 quan
826 3526 907 3578 1llnm
938 3525 1031 3577 dicens

51 3594 75 3646 ll
131 3605 162 3655 26
180 3601 274 3654 trama
293 3599 331 3652 M
401 3604 435 3652 28
454 3597 595 3652 Neobnle:
614 3596 697 3650 neule
717 3596 755 3649 M
824 3601 859 3648 30
877 3596 975 3647 unctus
995 3591 1034 3648 M

101 3677 127 3725 31
145 3688 230 3746 eques
250 3670 288 3724 M
358 3676 391 3723 ³2
411 3671 576 3724 aretinorum
596 3667 634 3722 M
698 3665 811 3720 trberrm
831 3664 869 3717 M

88 3759 237 3805 Ponermox.
802 3757 818 3803 ‘I
