2416 3934
359 142 430 198 ona
449 144 471 213 1,
494 149 527 200 ra
546 145 576 198 er
594 149 629 198 19
648 146 677 199 et
695 151 737 200 ao.
1006 145 1050 210 25

45 303 161 371 debent.
197 327 362 371 uacuum
385 327 461 392 ergo
485 305 673 372 uerticem
695 306 729 372 id
751 310 802 374 est
823 329 945 374 uanum
968 329 1052 373 cere·

45 396 130 460 brom
151 396 272 480 accipe.

456 497 529 554 oon
550 506 574 570 1,
595 506 637 556 19.

125 607 253 684 Mater
285 631 400 673 saeua
433 607 673 694 Cupidinum.
718 610 780 676 hae
812 611 871 676 ode
901 612 1052 678 renouari

47 697 101 761 sibi
122 718 268 762 amorem
290 697 368 762 dicit
390 698 547 764 instinctu
559 695 698 764 Ueneris
721 721 758 764 ae
777 698 855 786 uini,
878 699 1078 766 adiuuentea

46 786 136 850 etiam
151 785 305 852 licentiae
322 786 481 852 libertate.
537 787 555 852 7
575 787 655 852 urit
673 791 785 872 grata
803 789 1052 873 proteruitaa.

46 873 202 957 ἐρωτικῶς
225 875 315 961 dixit,
338 875 413 962 quia
435 876 624 963 plerumque
647 875 719 962 ipsa
737 877 888 962 superbia
906 900 943 943 ac
961 878 1052 943 fasti·

46 964 127 1028 dium
149 964 295 1030 mulieris
318 963 423 1052 magis
447 987 519 1030 eam
541 966 680 1031 amatori
698 965 911 1032 commendat.
971 967 991 1033 8
1016 973 1054 1034 et

46 1053 170 1118 nultus
192 1053 353 1118 nimium
375 1053 550 1120 lubricus
574 1054 705 1139 aspici.
746 1056 826 1120 mire
849 1056 971 1122 dictum
995 1061 1052 1142 eat,

45 1142 128 1207 cuius
150 1142 264 1207 uultus
286 1162 360 1208 cum
382 1146 532 1228 aspectus
555 1145 606 1207 est
627 1143 768 1209 lubricos
787 1145 822 1209 in
841 1167 984 1211 amorem
1003 1147 1052 1211 sui
1066 1167 1092 1206 ιο

44 1231 116 1295 facit
137 1231 283 1296 iuuenes.
352 1231 394 1296 10
415 1253 485 1296 nec
507 1230 658 1317 patitur
681 1230 846 1317 Scythas
869 1236 907 1298 et
929 1258 960 1299 u.
979 1257 1007 1299 a.
1026 1257 1052 1299 e.

43 1319 72 1384 P.
94 1320 124 1385 d.
170 1319 225 1385 hic
254 1319 397 1385 ostendit
425 1342 460 1385 aa
488 1321 524 1385 in
554 1319 677 1386 deliciis
700 1319 837 1386 Ueneris
861 1328 1055 1408 occupatum

43 1431 105 1474 non
122 1430 222 1494 posse
240 1431 294 1474 res
312 1408 444 1475 bellicas
463 1409 610 1476 seribere.
676 1410 718 1476 12
741 1432 810 1475 nec
834 1433 929 1495 quae
951 1412 1054 1477 nihil

44 1498 228 1563 adtinent
264 1497 403 1563 iucundo
421 1498 505 1564 nihil
526 1498 568 1563 ad
592 1519 626 1563 sa
648 1497 811 1583 pertinere
835 1500 882 1564 ait
904 1501 968 1566 alia
990 1501 1054 1566 nisi

45 1609 119 1670 qnae
150 1587 192 1652 ad
215 1585 377 1652 Uenerem
403 1587 578 1673 pertinent.
657 1587 698 1653 16
725 1593 895 1654 mactata
921 1587 1055 1655 ueniet
1067 1608 1094 1650 15

43 1677 111 1740 lh.
156 1675 281 1742 Ueneri
305 1677 427 1741 scilicet
455 1678 597 1742 mactata
627 1676 749 1763 hostia,
782 1677 919 1763 Glycera
950 1679 1055 1744 lenior

43 1766 160 1850 ueniet,
188 1765 229 1830 de
253 1787 317 1849 qua
339 1765 422 1830 bene
444 1765 507 1831 hoc
530 1765 653 1832 dictum
676 1771 740 1852 est,
770 1767 846 1851 quia
867 1771 1054 1853 proteruam

45 1876 108 1918 eam
132 1875 205 1920 esse
228 1853 438 1920 iamdudum
462 1855 657 1921 ostenderat.

461 2045 534 2102 oon
555 2054 579 2117 1,
598 2053 641 2103 20.

124 2155 216 2220 Uile
249 2155 405 2241 potabis
437 2156 599 2222 modicis
631 2178 662 2242 g.
690 2179 716 2222 c.
760 2155 982 2222 Maecenatem
1014 2155 1098 2222 adso

45 2266 152 2308 cenam
167 2283 169 2288 ·
183 2245 306 2310 inuitat
337 2246 531 2329 promittens
563 2267 597 2310 se
629 2245 659 2310 ei
686 2245 800 2310 uinum
823 2244 980 2312 Sabinum
1003 2267 1055 2310 ex·
1088 2303 1095 2314 .

45 2333 233 2417 bibiturum,
266 2334 353 2420 quod
380 2335 416 2398 in
443 2333 634 2419 amphoram
662 2332 819 2400 Graecam
850 2335 987 2420 miserit,
1019 2338 1056 2398 ut

47 2423 113 2487 inde
138 2423 264 2488 scilicet
286 2423 409 2506 aliquid
432 2422 607 2488 adduceret
628 2423 808 2488 suauitatis.
868 2423 954 2510 quod
977 2423 1055 2487 uile

47 2533 190 2594 pronon
214 2513 345 2577 uetusto
368 2512 497 2577 uidetur
520 2511 647 2598 dixisse.
684 2512 828 2597 alioquin
848 2511 1004 2578 Sabinum
1028 2512 1056 2576 si

46 2603 205 2666 uetustum
229 2601 363 2666 sitnon
386 2605 437 2666 est
453 2602 527 2666 uile.
596 2602 614 2665 1
639 2602 809 2666 modicis.
841 2600 969 2666 uidetur
986 2622 1054 2664 mo·
1068 2620 1096 2662 aa

48 2689 146 2754 dicum
167 2711 230 2774 pro
254 2711 358 2774 paruo
381 2691 537 2774 positum3
562 2691 648 2774 quod
671 2691 823 2775 quidam
845 2692 970 2774 negant
992 2689 1055 2752 exi·

49 2779 212 2844 stimantes
245 2779 409 2844 modicum
446 2775 468 2843 a¹
497 2779 594 2844 modo
627 2779 689 2843 dici
722 2782 756 2844 et
787 2778 1056 2862 significationem

47 2867 157 2932 habere
188 2866 260 2933 eius
291 2868 377 2954 quod
408 2867 529 2934 Graece
559 2868 699 2934 metrion
728 2867 853 2933 dieitur.
922 2867 1056 2933 3c0n-

49 2956 161 3022 ditnm
184 2955 276 3022 leui.
309 2956 387 3022 dicit
410 2979 444 3022 se
466 2956 529 3022 hoc
552 2957 665 3021 uinum
687 2978 746 3042 per
769 2959 871 3022 semet
891 2956 998 3041 ipsum
1021 2957 1056 3020 in

50 3046 237 3110 ueterarium
267 3045 457 3110 condidisse.
502 3044 619 3112 lenisse
648 3067 681 3110 se
710 3063 787 3132 ergo
818 3065 921 3132 gypso
944 3045 1056 3130 utique
1070 3064 1097 3106 oo

110 3291 311 3348 laczadM
381 3293 597 3364 tadspmrsM
668 3299 700 3346 11
720 3290 949 3360 Scythasng
1024 3296 1058 3343 14

49 3364 178 3420 incundae
199 3363 238 3418 M
302 3369 335 3419 16
352 3363 394 3419 h.:
413 3383 442 3418 m
461 3365 500 3418 M
560 3364 682 3434 glycera,
701 3379 716 3418 e
734 3377 936 3431 supraema,
955 3361 993 3414 M

53 3442 77 3489 18
94 3434 252 3491 ostender&
270 3435 310 3489 M
389 3442 424 3490 20
442 3438 554 3506 potama
574 3435 613 3488 M
696 3439 730 3488 22
750 3433 887 3487 amforam
907 3432 945 3485 Μ
1023 3436 1058 3483 24

9 3511 170 3570 lsannnm
192 3506 231 3561 M
302 3505 438 3561 Sabinum
455 3505 590 3572 uinumg
661 3510 696 3559 26
715 3503 831 3572 quidem
849 3502 888 3555 M
954 3506 987 3554 28
1001 3516 1057 3552 ma-

10 3571 11 3582 *
52 3579 105 3632 trun
122 3579 160 3633 M
242 3583 277 3633 29
298 3576 384 3647 elegi,
403 3593 477 3632 moa.
496 3581 522 3632 3.
541 3577 573 3630 io
592 3576 631 3629 M
647 3575 683 3630 ab
702 3575 776 3642 ehgo
794 3571 978 3642 praetentum
996 3583 1057 3634 sup.

54 3663 94 3704 nr.
163 3656 201 3705 30
218 3649 353 3704 releumsa
373 3648 413 3702 M
