2416 3934
168 107 211 171 32
538 103 650 173 011111,
669 109 703 158 ar
723 106 753 160 ee
771 109 813 160 aa.

168 271 283 335 titiae
306 267 463 354 scyphis
486 288 658 352 pugnare
681 265 874 332 Thracum
897 268 964 330 est.
999 265 1101 331 natis
1117 289 1167 350 pro

168 358 278 444 factis,
310 362 347 422 ut
378 355 465 442 apud
491 355 682 421 Lucilium
714 358 778 420 est:
810 353 965 420 Podicis
996 353 1169 421 Hortensi

169 450 229 512 est
256 446 302 511 ad
329 468 410 512 eam
440 467 518 512 rem
548 447 642 509 nata
672 445 879 529 palaestra.
947 444 968 508 3
996 465 1168 510 uerecun-

170 536 335 621 dumque
362 533 554 602 Bacchum
582 555 609 598 s.
630 556 661 618 p.
686 533 707 598 i.
747 532 867 598 idest:
895 531 1073 598 uerecunde
1098 535 1170 596 trae·

144 624 317 690 standum.
354 623 402 700 ita
425 626 534 688 autem
555 623 697 708 figurata
728 622 893 706 eloquutio
927 623 994 706 est,
1029 625 1067 686 ut
1097 623 1170 706 apud

170 713 402 800 Uergilium:
425 711 476 777 Et
497 712 654 777 tandem
676 716 806 777 arcete
828 710 998 796 periclis.
1061 711 1082 776 5
1105 712 1170 775 aci-

171 805 294 869 nacis:
322 801 449 887 gladius
471 799 655 884 Parthicus,
682 801 739 865 sed
766 822 854 866 nunc
881 822 941 885 pro
964 800 1054 865 omni
1075 799 1171 886 gladio

170 893 322 976 positum.
393 891 435 956 10
462 889 567 955 dicat
594 887 796 975 Opuntiae.
836 910 959 954 nomen
984 888 1080 954 huius
1107 889 1172 952 adn-

171 979 322 1044 leseentia
344 1001 414 1044 non
437 979 522 1044 dicit.
568 977 712 1062 Opuntia
734 983 843 1044 autem
867 977 1021 1063 oppidum
1040 977 1172 1044 Locridis
1194 976 1195 1050 i

131 1071 230 1134 roest.
312 1069 353 1133 11
387 1089 460 1152 quo
492 1068 631 1133 beatus
663 1067 823 1133 uulnere
856 1090 930 1153 qua
961 1070 1095 1153 pereat
1124 1089 1173 1131 sa·

171 1157 283 1242 gitta.
329 1160 422 1242 grate
446 1157 567 1222 dictum
590 1159 640 1221 ert
667 1155 798 1222 ‘beatus
821 1155 949 1241 pereat'
977 1155 1064 1241 quod
1087 1155 1174 1240 signi·

170 1247 261 1311 ficat:
290 1249 385 1310 amet.
455 1247 497 1310 13
521 1249 648 1311 cessat
669 1246 864 1331 uoluptas.
908 1245 1042 1310 bibendi
1065 1246 1175 1310 scilieet

171 1336 333 1420 uoluptas,
352 1335 428 1419 quia
445 1339 546 1420 negat
565 1356 599 1399 se
617 1334 806 1420 bibiturum,
823 1335 887 1400 nisi
904 1335 1006 1400 frater
1023 1333 1175 1420 Megyllae

172 1445 299 1490 amores
327 1445 404 1489 suos
432 1423 623 1489 narrauerit.
697 1424 738 1489 18
767 1447 788 1489 a
818 1425 935 1490 miser
966 1427 1111 1512 quanta
1139 1424 1196 1498 le„

132 1531 158 1574 rs
170 1510 431 1597 Intellegendum
454 1513 515 1594 ¹hic
545 1513 637 1578 illum
668 1512 705 1578 in
736 1534 847 1578 aurem
873 1511 1011 1578 Horatio
1044 1533 1196 1590 amorem

172 1623 266 1666 suum
289 1601 488 1684 confessum3
520 1601 567 1666 ita
588 1601 643 1666 hic
669 1602 795 1667 intulit:
828 1625 849 1666 a
874 1602 1006 1686 miser,
1037 1605 1196 1688 quanta

171 1689 378 1755 laborabas
397 1687 605 1775 Charybdi,
628 1691 815 1777 significans
833 1691 933 1774 illam,
951 1712 1033 1776 quae
1053 1695 1176 1774 ametur,

170 1779 433 1865 procacissimam
448 1779 771 1865 scelestissimamqne
787 1801 867 1845 esse.
912 1781 954 1845 21
971 1802 1067 1864 quae
1084 1801 1177 1866 saga.

133 1888 271 2024 tlt?
292 1871 379 2023 {tl
393 1867 1178 2044 thabitae?truslssllz⁸⁰¹⁶athi

171 2047 384 2132 inligatum
412 2051 460 2113 te.
504 2048 560 2113 uix
581 2052 628 2132 te,
657 2048 776 2133 inquit,
807 2047 848 2112 ab
870 2049 933 2114 hac
955 2045 1126 2114 Chimaera
1146 2048 1178 2111 li·

171 2134 300 2199 berabit
316 2133 470 2219 Pegasus,
494 2136 550 2200 sed
568 2137 631 2206 hoe
648 2137 760 2221 utique
779 2158 838 2221 per
856 2137 1045 2223 allegoriam
1065 2137 1178 2202 dictum

172 2222 381 2308 intellegitur.

590 2344 664 2400 ona
685 2353 709 2416 1,
729 2353 771 2402 aa.

131 2487 158 2530 aa
260 2468 312 2533 Te
343 2471 459 2538 maris
490 2475 527 2537 et
555 2478 682 2540 terrae
712 2497 744 2539 n.
774 2496 800 2540 c.
845 2476 925 2540 haec
948 2474 1008 2540 ode
1030 2497 1179 2560 prosopo-

172 2559 267 2644 poeia
295 2558 437 2624 formata
469 2565 526 2626 est.
570 2562 735 2629 inducitur
766 2565 853 2628 enim
885 2586 1001 2649 corpus
1033 2564 1179 2648 naufragi

172 2648 335 2734 Archytae
358 2648 528 2716 Tarentini
549 2651 685 2717 inlitus
708 2654 877 2738 expulsum
899 2653 1052 2738 conqueri
1075 2654 1114 2718 de
1136 2654 1180 2716 in-

172 2737 254 2803 iuria
277 2737 328 2802 sui
350 2741 383 2803 et
404 2743 513 2823 petere
536 2761 558 2805 a
580 2742 860 2826 praetereuntibus
883 2742 1091 2828 sepulturam.
1132 2742 1180 2806 hie

173 2830 282 2891 autem
305 2826 467 2912 Archytas
485 2828 724 2916 Pythagoricus
746 2830 819 2914 fuit,
843 2831 898 2916 qui
919 2832 1035 2897 merito
1058 2853 1180 2917 geome-

132 2935 159 2976 eo
172 2914 253 2979 triae
277 2915 399 2998 peritus
422 2919 548 2998 drama,
577 2920 654 3005 quia
675 2918 887 3006 Pythagorici
911 2920 1019 2985 omnia
1041 2921 1180 2986 numeris

244 3087 367 3144 2Lucil.
385 3089 483 3146 incolt.
503 3099 536 3148 68
610 3101 626 3148 6
644 3096 712 3150 Aen.
732 3100 758 3161 8,
778 3101 810 3150 73

245 3249 364 3316 lscysra
384 3251 423 3304 M
480 3253 623 3322 apodicis
641 3270 703 3309 nos:
721 3254 832 3324 pudicis
851 3256 889 3311 M
904 3254 1042 3325 iudicisg
1101 3262 1181 3324 apa-

172 3319 259 3374 lestra
282 3321 320 3373 M
412 3325 639 3378 ruerecundum
662 3325 876 3381 detrectandam
899 3327 938 3381 M
1025 3334 1182 3382 oaomacn

174 3389 195 3456 (1
217 3407 250 3445 ee
271 3392 622 3461 ecorr.)glad1us·1·M
700 3396 847 3466 90pus3
924 3405 956 3452 11
975 3414 1057 3467 grece
1076 3397 1115 3452 M

174 3462 462 3518 menstruatam
485 3463 566 3518 &M
627 3472 660 3520 13
684 3465 762 3535 quia:
789 3468 902 3538 quaM
964 3475 995 3523 11
1014 3465 1127 3524 laboras
1149 3467 1184 3521 M

244 3537 276 3586 21
297 3533 700 3591 abacch1merahberau1tM
778 3543 811 3592 25
829 3555 949 3609 prosopa
970 3555 1014 3595 era
1034 3539 1073 3594 M
1150 3545 1182 3593 27

173 3599 280 3675 archrte
300 3603 339 3657 M
409 3610 442 3660 28
462 3620 480 3658 a
497 3620 548 3661 om.
568 3605 607 3660 M
676 3613 711 3662 30
729 3607 833 3664 dicitur
850 3626 900 3666 om.
