2378 3934
121 127 184 191 100
488 119 561 174 ona
578 119 627 186 111,
648 123 681 172 14
700 119 729 172 ec
749 121 789 172 io.

119 289 255 372 factum,
277 289 315 352 ut
337 282 540 350 contumeliis
562 279 759 346 fastidientis
781 278 908 362 puellae
930 297 998 342 non
1015 275 1133 338 irascu-

120 383 189 464 tur,
221 374 306 460 quod
339 374 445 457 ipsum
466 371 595 436 'iniuria
632 367 806 434 senectutis
843 365 914 430 fieri
935 363 1134 451 ingemescit.

120 465 219 532 lenit
250 464 451 529 albescens
484 460 635 525 animos
658 456 825 542 capillus
848 455 868 519 l.
891 458 976 520 etr.
999 475 1025 518 c.
1049 475 1136 538 pro-

120 559 262 620 teruae.
309 551 422 633 animi,
452 547 571 633 inquit,
603 548 758 612 iuuenum
791 545 846 629 qui
868 544 975 608 litium
998 546 1032 608 et
1054 542 1136 606 rixa·

95 660 195 708 ⁵rnm
225 643 261 707 in
293 641 481 724 contemptu
512 637 633 702 amoris
660 635 768 719 cupidi
791 637 881 716 sunt,
914 632 1007 697 senili
1031 634 1137 696 aetate

120 731 295 796 leniuntur.
362 727 405 793 28
429 726 586 792 consule
604 724 757 789 Planco.
791 722 952 808 significat
966 743 1000 786 se
1013 719 1137 786 Planco

123 821 255 886 consule
288 817 526 882 adulescentem
552 814 666 898 fuisse,
698 811 795 877 irasci
816 810 1067 876 intolerabiliter
1090 831 1137 874 so-

121 909 225 992 litum,
247 907 276 972 si
297 905 505 970 fastidiretnr.

542 1058 615 1115 ODE
636 1066 661 1127 s,
682 1065 723 1114 rs.

45 1229 49 1238 .
85 1210 111 1248 10
213 1170 318 1237 Uxor
350 1170 534 1255 pauperis
566 1168 682 1252 Ibyci.
728 1167 807 1232 haec
831 1161 902 1256 aaa
931 1165 1086 1231 scribitur
1107 1165 1140 1228 in

124 1261 268 1326 uetulum
299 1259 466 1325 moecham
498 1261 532 1322 et
562 1257 769 1322 luxuriosam.
836 1258 866 1321 2·
890 1255 1046 1320 tandem
1077 1274 1140 1319 ne·

126 1349 272 1434 quitiae
294 1349 374 1433 fige
397 1347 668 1413 modumtuae.
713 1343 912 1429 nequitiae
935 1365 1023 1409 nune
1044 1343 1141 1408 ‘calli-

126 1439 220 1504 ditati
257 1441 290 1502 et
325 1435 493 1519 malitiae',
532 1456 601 1500 non
627 1438 665 1498 ut
699 1434 777 1499 olim
806 1453 945 1518 nequam
975 1433 1141 1498 dicebatur

125 1528 265 1612 ignauus
280 1525 434 1589 aonihili.
502 1523 649 1602 binter
675 1522 808 1587 ludere
830 1523 1015 1609 uirgines.
1065 1520 1141 1586 ordo

87 1651 114 1690 15
128 1620 161 1680 et
184 1636 296 1680 sensus
320 1617 382 1677 est:
420 1611 529 1676 desine
561 1612 648 1675 inter
674 1611 817 1696 uirgines
845 1611 970 1696 ludere,
1002 1611 1142 1675 cumeis
1182 1607 1183 1610 ’

126 1703 234 1768 funeri
256 1701 398 1786 propior.
465 1701 485 1766 6
518 1703 555 1764 et
588 1700 715 1764 stellis
747 1700 927 1764 nebulam
959 1719 1142 1784 spargere

127 1791 311 1858 candidis.
379 1789 495 1854 decens
532 1789 695 1875 allegoria.
754 1788 801 1852 ait
836 1789 937 1852 enim:
973 1791 1011 1853 ut
1050 1788 1142 1853 decor
1183 1813 1184 1828 ³

129 1881 295 1946 stellarum
317 1878 429 1943 nubilo
452 1878 647 1960 infuscatur,
670 1879 715 1942 sic
737 1880 759 1958 ’s
782 1877 962 1942 adnitorem
984 1876 1058 1941 fieri
1080 1876 1143 1939 nir-

129 1971 237 2054 ginem
246 1969 433 2032 interuentu
450 1971 507 2033 tuo
516 1970 642 2051 turpes,
665 1967 783 2051 quippe
798 1987 872 2031 cum
895 1967 939 2031 sis
959 1968 1067 2030 aetate
1081 1965 1143 2028 iarn

90 2058 250 2131 20adtn'ta
273 2061 306 2121 et
328 2056 490 2121 deformis.
582 2056 601 2120 8
638 2055 728 2119 filia
763 2057 909 2120 rectius
946 2057 1144 2140 expugnat
1184 2059 1185 2080 ³

129 2147 311 2211 iuuenum
334 2144 465 2209 domus
488 2145 600 2227 pulsa
619 2143 765 2234 Thyias
787 2145 845 2208 uti
869 2143 1022 2224 concita
1045 2145 1144 2226 tym-

130 2255 238 2318 pano.
297 2233 351 2297 hic
384 2232 481 2296 etiam
512 2233 615 2297 filiam
647 2233 716 2297 eius
746 2231 888 2298 ostendit
909 2233 1053 2297 uirosam
1078 2253 1144 2296 esse

132 2326 166 2387 et
187 2343 246 2405 per
267 2321 436 2385 libidinem
458 2321 593 2386 nimiam
618 2321 667 2385 ita
688 2321 724 2385 in
746 2319 1076 2406 furorem-quendam
1098 2319 1144 2383 in-

131 2411 233 2494 citari,
256 2412 293 2474 ut
315 2407 462 2474 Bacchae
486 2410 591 2475 solent
613 2410 709 2494 pulsu
732 2411 882 2494 tympani
905 2410 1024 2474 audito.

91 2499 175 2576 2513
211 2503 249 2564 te
280 2499 392 2564 lanae
424 2520 542 2583 prope
574 2498 745 2564 nobilem
771 2502 907 2565 tonsae
931 2497 1154 2579 Luceriam„

132 2609 209 2653 non
237 2588 411 2652 citharae
440 2588 585 2652 decent.
629 2585 765 2652 Luceria
795 2588 874 2653 urbs
897 2588 1004 2652 estin
1025 2585 1146 2671 Apulia

132 2681 165 2742 et
187 2677 223 2740 in
233 2675 374 2742 Samnio.
398 2671 466 2740 κατ’
490 2671 608 2760 ἐξοχὴν
631 2680 740 2742 autem
761 2698 820 2760 pro
837 2677 982 2762 qualibet
994 2676 1072 2740 lana
1085 2676 1145 2739 hoc

131 2766 283 2850 positum.
366 2766 407 2830 16
448 2786 517 2829 neo
553 2767 636 2849 poti
674 2765 842 2830 notulam
881 2767 988 2830 faece
1032 2766 1146 2828 tenus

133 2854 227 2919 cadi.
272 2875 340 2918 non
370 2854 461 2918 decet
490 2857 629 2918 aetatem
656 2858 760 2938 tuam,
797 2855 916 2940 inquit,
937 2855 974 2918 in
996 2853 1145 2918 conuiuio

208 3068 222 3116 1
241 3061 419 3118 contumeliis
437 3079 501 3120 uos:
532 3064 715 3118 contumehas
735 3065 784 3134 M,
806 3065 837 3120 in
856 3065 1039 3120 contumelias
1059 3083 1076 3132 ς

108 3134 273 3196 ‘sentientis
293 3135 332 3189 M
428 3140 444 3188 2
471 3151 602 3189 iniuriam
622 3135 661 3188 M
738 3143 794 3190 3r.
814 3153 850 3191 a:
869 3153 907 3191 re.
928 3137 966 3190 M
1047 3141 1065 3188 4
1089 3151 1144 3188 am·

134 3221 196 3258 mae
216 3205 255 3258 M
338 3211 354 3259 ὅ
378 3207 539 3276 contempto
559 3207 597 3260 M
686 3213 701 3262 7
725 3207 910 3262 tolerabiliter
929 3208 967 3261 M
1036 3206 1146 3261 8‘fasti-

137 3275 250 3330 deretur
269 3276 307 3328 M
379 3282 412 3330 10
431 3277 507 3345 ybici
526 3277 564 3330 M
639 3283 672 3331 11
691 3279 823 3348 mychani
841 3279 864 3332 s
881 3279 1048 3333 luxuriosam
1067 3277 1106 3331 M

137 3350 171 3398 14
188 3346 308 3426 ignabui
327 3347 366 3399 M
441 3353 475 3402 16
492 3364 621 3417 proprior
639 3347 678 3402 M
748 3355 782 3404 18
800 3349 837 3404 ad
855 3365 888 3404 ecc
906 3367 940 3404 ao
958 3365 1027 3404 corr.
1046 3349 1147 3416 etpost

135 3415 196 3469 ficri
214 3431 268 3470 rac.
290 3417 328 3469 M
330 3436 340 3482 ;
373 3416 412 3470 sic
435 3417 471 3470 ad
502 3418 622 3473 nitorem
653 3419 724 3474 fiunt
755 3420 878 3490 uirgines
908 3421 1068 3476 interuentu
1098 3419 1146 3472 tuo

135 3487 249 3554 turpes?
338 3491 371 3540 al
395 3487 483 3542 thrias
503 3489 541 3542 M
628 3496 663 3544 24
685 3491 774 3564 bache
794 3491 832 3544 M
920 3499 954 3547 26
977 3491 1091 3562 cythare
1112 3487 1149 3542 M

221 3561 255 3609 27
289 3557 318 3610 st
339 3557 369 3610 in
393 3555 507 3613 Samnio
529 3561 644 3616 delenda
670 3562 800 3616 uideatur
828 3579 929 3631 eamq
1027 3567 1061 3615 2⁷
1089 3561 1145 3614 cat

136 3627 260 3681 exochen
279 3626 317 3679 M
387 3632 421 3682 28
440 3629 535 3684 uetula
554 3631 592 3684 M

961 3893 964 3895 .
989 3869 1185 3894 ,ει-ω
