2426 3934
309 169 492 228 EPISTULA
509 173 544 243 11,
564 179 588 242 1,
608 177 758 230 214-232.
974 175 1040 242 325

1 415 2 418 ¹
29 331 117 415 boni,
146 332 233 416 quod
258 334 347 419 magi
374 334 584 420 promittuut,
610 338 648 400 ut
675 336 815 402 carmine
845 341 1040 403 concertant

29 441 139 486 sensus
172 421 362 508 animosque
395 426 593 489 cunctorum.
645 425 755 490 modo
791 448 848 490 me
880 427 1038 493 Thebis:

28 511 59 573 in
80 510 264 596 tragoedia,
286 509 397 577 modo
419 513 533 596 ponit
555 512 738 578 Athenis:
761 515 796 579 in
820 516 994 582 comoedia.

28 600 88 663 214
111 621 246 665 uerum
269 621 340 686 age
363 601 495 666 ethis.
549 603 669 667 transit
692 602 733 668 ad
755 608 883 690 poetas,
907 627 946 670 ex
969 605 1038 691 qui-

28 690 82 753 bus
106 687 265 754 Horatius
290 713 417 776 quoque
440 692 502 776 est,
530 691 585 774 qui
612 712 680 757 non
708 693 870 779 dramata,
897 693 959 759 hoo
989 697 1065 758 ests

28 778 160 844 fabulas.
175 779 330 863 scribunt,
353 779 409 844 sed
432 778 500 844 eius
524 779 612 845 modi
636 802 718 865 quae
736 782 895 867 legantur,
919 783 1038 848 ethor-

26 871 110 932 tatur
132 866 330 953 Augustum,
351 872 389 933 ut
411 867 597 952 diligentius
621 870 771 935 aestimet
792 875 906 956 poetas
922 870 1038 956 dignos

28 957 234 1042 bibliotheca,
263 979 360 1042 quam
388 956 423 1022 in
444 957 567 1042 templo
589 957 753 1042 Apollinis
775 959 884 1026 faciat.
973 961 1038 1026 218

27 1050 63 1110 ut
85 1047 218 1112 studio
242 1047 400 1130 maiore,
423 1049 539 1130 poetae
562 1047 692 1112 scilieet.
730 1051 780 1114 est
802 1049 957 1136 allegoria
979 1070 1039 1132 pro

27 1158 60 1200 ao
89 1134 179 1220 quod
211 1139 274 1200 est:
307 1137 344 1200 ut
380 1135 523 1200 studiose
556 1137 700 1203 carmina
730 1137 883 1204 scribant.
973 1137 1038 1202 219
1054 1158 1080 1198 ιο

27 1225 147 1290 multa
171 1225 323 1310 quidem
346 1223 469 1290 nobis.
511 1227 661 1291 accusato
684 1227 806 1310 populo
831 1230 864 1291 et
887 1226 1039 1292 audituri-
1153 1289 1154 1294 ,

27 1313 81 1378 bus
105 1313 187 1378 dicit
208 1335 277 1378 non
299 1335 476 1397 numquam
495 1311 530 1377 in
543 1314 648 1396 poetis
663 1315 791 1398 cidpam
805 1337 884 1399 esse,
906 1317 1040 1398 propter

28 1424 118 1488 quam
145 1402 291 1468 carmina
313 1403 458 1488 ipsorum
480 1403 647 1486 patiantur
668 1402 829 1469 iniuriam.
910 1404 976 1468 220
998 1407 1041 1468 ut

28 1493 157 1557 uineta
185 1495 338 1578 egomet
366 1492 524 1557 caedam
551 1513 632 1556 mea
659 1492 721 1557 hoc
749 1497 813 1557 est:
836 1496 874 1558 ut
895 1489 1039 1576 ipse'me

28 1583 150 1646 laedam
186 1585 220 1646 et
254 1582 325 1665 ipsc
357 1603 408 1647 me
441 1581 619 1646 detraham.
675 1603 757 1647 eum
788 1583 931 1647 librum
959 1603 983 1646 s.
1007 1581 1036 1646 d.
1051 1599 1077 1640 15

29 1671 139 1755 incipit
167 1692 369 1756 enumerare,
397 1691 495 1755 qnam
522 1671 625 1734 multa
652 1671 738 1736 mala
765 1669 888 1736 faciant
914 1673 1039 1755 poetae.

109 1760 179 1825 229
208 1759 278 1824 sed
303 1762 435 1824 tamen
462 1762 522 1824 est
544 1781 682 1842 operae
705 1761 874 1844 pretium
897 1780 1039 1845 eogno-

1 1869 2 1936 3
29 1871 131 1914 scere
156 1850 300 1934 quales.
345 1848 438 1932 bene,
454 1853 621 1930 postquam
644 1849 806 1914 subtiliter
828 1850 938 1934 tetigit
961 1846 1039 1913 an-

1 1947 2 1988 3
29 1960 129 2004 sarem
153 1938 247 2023 quasi
269 1938 495 2023 neglegentem
517 1940 695 2022 poetarum,
718 1938 873 2021 proximis
892 1936 1039 2002 uersibus

29 2027 157 2112 addidit,
181 2027 238 2092 sed
260 2030 371 2092 tamen
394 2048 461 2091 non
478 2047 579 2110 usque
594 2048 720 2111 quaque
733 2027 840 2111 poetis
853 2025 1039 2109 iacendum,
1053 2046 1079 2086 so

30 2117 77 2180 scd
110 2117 267 2200 spectatis
301 2115 471 2202 dignisque
509 2115 587 2180 solis
623 2115 889 2198 permittendum,
920 2119 957 2180 ut
989 2137 1041 2180 res

29 2209 135 2289 gestas
164 2204 313 2271 Caesaris
342 2204 494 2270 scribant.
584 2203 652 2268 230
680 2204 857 2270 aedituos
885 2198 1041 2270 habeat:

31 2297 234 2360 enarratores
257 2296 355 2380 atquc
377 2292 513 2376 indices;
527 2291 657 2357 'aeditui
676 2293 762 2358 enim
785 2295 982 2379 templorum
1004 2314 1042 2358 ae

29 2385 206 2467 numinum,
231 2383 349 2468 quibus
362 2383 554 2465 insaniunt,
577 2403 669 2446 sacra
687 2385 720 2446 et
734 2383 893 2468 originem
908 2382 1042 2447 aduenis

1 2489 2 2568 ᾗ
29 2477 57 2535 et
78 2472 312 2558 ignorantibus
334 2473 479 2538 narrant.
526 2470 595 2536 alii
619 2470 763 2536 aedituos
786 2494 846 2555 pro
870 2470 1041 2536 clientibus
1055 2489 1082 2530 25

1 2617 2 2622 ,
29 2582 61 2625 aa
91 2561 311 2626 familiaribus
344 2561 407 2626 diei
438 2562 557 2645 putant
593 2581 630 2624 ac
666 2581 725 2644 per
759 2559 822 2625 hoc
857 2559 1052 2624 laudatores.

1 2647 2 2652 ’
28 2654 202 2735 poetasque
227 2650 410 2736 significari.
469 2649 533 2714 231
558 2649 684 2714 uirtus
707 2647 871 2733 indigno
895 2647 957 2712 hoc
978 2649 1041 2711 est:

27 2739 142 2825 ingens
172 2742 270 2823 atque
293 2740 466 2824 praeclara.
513 2738 674 2823 significat
697 2742 805 2803 autem
827 2736 969 2822 Augusti
990 2757 1042 2800 res

30 2832 145 2911 gestas.
202 2828 269 2893 232
292 2831 429 2914 gratus
452 2826 684 2892 Alexandro.
718 2827 898 2911 [praeclara
922 2821 1041 2911 signif]

28 2918 46 2994 t
76 2916 200 2982 Caesar
231 2917 368 3001 poeticis
383 2949 386 2954 ·
402 2917 511 3000 bonis,
548 2915 678 3000 quando
710 2915 827 3000 quibus
858 2913 1044 2980 Alexander
1057 2935 1084 2976 so

29 3003 162 3071 Macedo
196 3004 384 3072 Choerilum
415 3005 526 3090 magni
558 3005 635 3068 feeit
665 3004 788 3069 malum
823 3007 964 3088 poetam.

97 3163 232 3226 lmagm
251 3157 290 3210 M
370 3153 533 3210 3comed1a
553 3153 592 3207 M
675 3150 886 3223 8b1bhothega
906 3151 945 3205 M
1027 3155 1043 3204 9

29 3253 83 3307 sul.
104 3253 131 3308 lc
148 3252 286 3324 allegoria
301 3253 340 3306 M
411 3259 444 3308 10
464 3251 591 3307 studiosa
609 3235 734 3325 carmini
751 3251 789 3304 M
860 3256 891 3303 11
912 3249 1044 3302 accusato

27 3339 88 3378 aas:
108 3327 224 3379 accusat
243 3325 282 3378 M
363 3329 397 3378 14
414 3323 487 3378 um&
506 3325 545 3378 M
629 3329 662 3378 16
681 3339 768 3391 quam
787 3321 895 3390 Pauly:
913 3317 989 3388 quod
1008 3319 1048 3372 M

98 3395 176 3450 mals
193 3393 303 3450 faciant
320 3396 365 3450 ael
382 3395 460 3449 mala
478 3393 589 3450 sibit?
608 3395 713 3449 sanant
732 3394 770 3447 M
850 3398 882 3447 17
903 3405 1045 3460 cognoma-

28 3468 109 3521 uatos
130 3466 201 3521 bene
276 3472 310 3521 18
328 3468 480 3537 postquam
499 3466 599 3521 addidi
671 3470 703 3520 19
722 3463 884 3534 neglsntem
903 3463 941 3516 M
1010 3467 1046 3515 20

27 3536 90 3592 boec
108 3553 173 3592 aas:
190 3537 314 3593 fauentis
332 3537 442 3606 rusrpr&
465 3539 528 3592 at1s.
548 3536 730 3606 adsrgmsque
750 3535 788 3589 M
867 3537 902 3587 24
921 3547 999 3586 sacra
1017 3533 1047 3585 st

29 3624 89 3662 nos:
110 3624 207 3664 sacras
227 3609 266 3663 M
327 3615 361 3664 26
381 3607 456 3662 adici
475 3608 513 3661 M
578 3612 611 3661 27
632 3611 656 3660 et
674 3611 709 3660 28
728 3604 822 3676 srgmf.
888 3609 923 3658 30
940 3603 1045 3670 faueat,

30 3676 134 3748 inquit,
152 3679 253 3734 Caesar
271 3679 363 3750 poetis
381 3679 470 3749 bonis,
491 3675 736 3748 quandoquidem?
796 3683 829 3732 31
849 3674 995 3731 caerrllum
1010 3672 1049 3726 M
