2536 3936
419 143 540 200 seatio
560 143 581 213 Ι,
602 149 626 212 ⁷,
645 148 743 202 a-ra
1018 143 1083 208 227

70 309 158 373 inter
185 307 318 373 comites
345 307 476 372 habitos
504 309 562 370 est.
615 306 662 371 ibi
680 306 884 380 militantem
910 305 1085 372 Horatium

70 397 224 462 Flaccum
246 397 352 482 iurgio
375 395 547 479 lacessiuit,
569 397 703 479 propter
726 395 812 479 quod
836 395 1085 461 amaritudinem

71 486 139 550 stili
160 488 259 570 poeta
280 485 317 548 in
339 505 413 549 eum
435 483 574 548 strinxit.
638 484 660 548 2
683 483 851 568 hybrida
874 507 946 569 quo
969 489 1084 570 pacto

71 575 123 638 sit
149 572 306 639 Persius
333 574 449 638 ultus.
497 569 627 636 Persius
654 569 878 638 Clazomenius
904 573 976 639 fuit.
1026 574 1084 658 hy-

70 663 183 727 bridae
206 666 315 727 autem
337 661 467 746 proprie
486 660 638 726 dicuntur
657 683 762 747 canes,
785 663 841 746 qui
859 683 898 726 ex
915 663 1083 747 inparibus
1095 685 1111 732 a

70 752 142 816 nati
170 754 247 816 sunt
272 750 335 815 hoc
363 755 412 814 est
439 772 479 814 ex
500 751 650 814 uenatico
674 753 708 815 et
730 752 889 837 gregario.
934 752 975 816 ad
998 752 1083 816 hanc

70 839 315 904 similitudinem
333 839 484 904 uidelicet
500 839 588 904 huno
600 838 748 904 Persium
766 843 918 924 parentes
931 840 1083 906 habuisse

68 929 102 993 id
126 932 179 994 est
200 927 358 993 Graecum
381 931 414 992 et
435 926 617 994 Romanam
645 932 702 992 aut
723 927 910 994 Romanum
932 933 965 994 et
988 927 1085 995 Grae-

69 1039 143 1082 cam
166 1021 200 1081 et
221 1017 294 1082 ideo
316 1016 488 1101 hybridam
511 1017 718 1101 appellatum.
799 1019 820 1082 2
845 1018 984 1103 opinor
1008 1024 1084 1085 om-

67 1107 183 1171 nibus
212 1109 249 1170 et
268 1106 394 1190 'lippis
420 1110 528 1170 uotum
556 1109 593 1169 et
619 1106 847 1172 tonsoribus
871 1128 962 1172 esse.
1002 1109 1082 1174 adeo
1098 1134 1126 1174 ro

68 1195 116 1259 ait
140 1197 200 1276 [et]
224 1194 427 1279 diuulgatum
456 1216 539 1277 esee,
569 1193 685 1278 quibus
713 1195 818 1260 modis
841 1196 1019 1262 insectatus
1042 1197 1085 1262 sit

66 1283 200 1348 Persius
223 1281 399 1368 Rupilium,
421 1286 459 1347 ut
482 1286 515 1347 et
540 1283 577 1346 in
603 1283 775 1348 tonstrinis
803 1284 883 1349 haec
906 1284 996 1348 etin
1019 1307 1084 1350 me·

67 1372 186 1437 dicimis
207 1375 341 1436 narrata
363 1371 443 1455 sint3
471 1371 540 1436 fere
563 1375 672 1436 autem
694 1373 730 1436 in
750 1372 803 1437 his
826 1373 964 1438 officinis
987 1374 1085 1438 otiosi

67 1462 178 1527 solent
192 1460 366 1526 ,considere
390 1482 427 1525 ac
449 1481 501 1525 res
523 1461 708 1526 rumoribus
727 1461 949 1546 frequentatas
963 1461 1083 1527 fabulis

67 1549 239 1614 celebrare.
321 1549 344 1612 4
365 1570 577 1634 permagna
598 1551 757 1634 negotia
781 1551 890 1616 diues
912 1551 1083 1616 habebat
1097 1575 1123 1616 15

66 1637 325 1703 Clazomenis.
371 1635 571 1704 Clazomenae
583 1637 682 1703 Asiae
706 1639 835 1723 ciuitas,
859 1661 936 1725 ergo
961 1637 1083 1714 ‘Clazo-

66 1725 186 1792 menis'
210 1730 247 1791 ut
270 1725 443 1791 ‘Athenis'.
507 1727 649 1791 ladeo
673 1729 860 1793 sermonis
884 1730 1003 1793 amari
1027 1727 1083 1793 Si-

68 1837 212 1880 sennas
251 1813 393 1880 Barros
433 1819 476 1880 ut
516 1817 625 1899 equis
663 1821 933 1899 praecurreret
974 1818 1082 1883 albis.

68 1905 151 1969 adeo
178 1903 255 1988 fuit,
282 1903 402 1988 inquit,
428 1905 464 1968 in
491 1904 581 1969 rabie
609 1905 766 1969 orationis
794 1927 922 1970 amarus
944 1905 1082 1988 Persius,

64 1997 104 2058 ut
132 1992 304 2059 Sisennam
332 1995 429 2077 atque
456 1992 596 2058 Barrum
622 1993 720 2078 longe
749 1995 899 2077 anteiret,
932 1994 989 2058 sed
1020 1994 1082 2060 hoc
1096 2022 1122 2062 ao
1170 2063 1172 2069 ,

63 2082 138 2166 ipso
161 2083 209 2147 ita
223 2081 433 2168 gloriabatur,
448 2082 549 2166 vquasi
572 2081 737 2166 quadrigis
760 2082 1010 2168 triumphalibus
1033 2084 1082 2147 in-

63 2171 204 2236 cederet.
236 2189 239 2194 ·
262 2170 413 2235 uidelicet
440 2173 549 2236 autem
572 2168 743 2235 Sisennam
761 2175 803 2236 et
824 2171 963 2236 Burrum
985 2174 1081 2238 male·

63 2261 156 2325 dicos
178 2259 280 2329 fuisse
304 2255 418 2345 [dicit].
507 2261 548 2324 10
570 2259 642 2324 hoc
670 2260 812 2325 etenim
836 2265 928 2325 sunt
951 2283 1082 2326 omnes

62 2351 149 2414 iure
163 2348 320 2414 molesti
334 2369 406 2432 quo
425 2347 549 2412 fortes
568 2349 707 2432 quibus
727 2349 937 2415 aduersum.
959 2351 1082 2416 eadem

61 2437 261 2522 pertinacia,
288 2437 407 2520 inquit,
434 2437 513 2502 mali
539 2436 687 2502 homines
714 2438 800 2502 inter
823 2461 857 2502 se
880 2440 1082 2504 contendunt
1095 2466 1123 2506 as

63 2549 130 2612 qua
144 2527 270 2591 bellant
290 2525 477 2590 uirifortes.
538 2525 579 2590 15
603 2525 675 2590 duo
695 2525 727 2590 si
750 2527 946 2591 discordia
968 2532 1082 2592 uexet

61 2617 215 2681 inertes
242 2615 275 2678 id
304 2617 365 2678 est:
394 2615 422 2678 si
450 2615 609 2680 discordia
636 2614 672 2679 in
699 2637 733 2678 se
756 2615 869 2680 incitet
891 2616 1021 2700 inpares
1044 2622 1082 2681 ut

61 2704 248 2771 Diomeden
271 2707 303 2768 et
327 2702 494 2788 Glaucum,
517 2704 580 2768 cito
605 2703 770 2768 contentio
793 2703 925 2768 finietur
948 2705 1080 2769 cedente

61 2793 220 2858 inferiore
244 2795 277 2858 et
299 2794 385 2857 ultro
409 2793 507 2858 dante
530 2792 715 2858 aduersario
739 2813 882 2859 munera.
975 2794 1016 2858 16
1039 2797 1081 2858 ut

61 2882 244 2948 Diomedi
267 2903 350 2946 cum
377 2880 493 2966 Lycio
518 2879 672 2947 Glauco.
718 2880 837 2965 Lycius
860 2883 994 2948 natione
1016 2883 1120 2949 fuiteo

64 2969 219 3055 Glaucus,
242 2965 298 3055 qui
320 2971 417 3036 cessit
430 2969 581 3036 Diomedi
604 2971 702 3036 armis
724 2971 789 3036 suis
804 2971 919 3056 aureis,
942 2973 1081 3055 acceptis

136 3219 328 3286 trascesrult
347 3217 377 3271 la
394 3234 415 3272 a.
434 3219 462 3284 l,
481 3217 520 3270 M
590 3216 753 3271 3st1111M
813 3223 976 3288 4pers1uus
996 3217 1035 3270 M

60 3287 176 3343 hrbnde
195 3287 234 3341 M
304 3288 403 3357 oqui:
423 3305 477 3362 que
497 3289 536 3342 M
585 3288 777 3342 ·9h1br1dam
796 3288 835 3342 M
901 3295 934 3342 12
953 3288 1081 3342 rutrhum

61 3360 103 3414 M
174 3360 319 3414 strontrms
338 3360 377 3413 M
447 3367 479 3414 13
498 3361 606 3414 narrati
625 3360 663 3412 M
734 3365 767 3413 14
787 3359 961 3415 considerare
981 3360 1020 3414 M
1068 3409 1071 3414 .

59 3432 227 3500 frequentas
246 3431 285 3484 M
355 3437 388 3486 16
408 3430 591 3486 Clazomenae
610 3431 709 3486 addidi
775 3431 927 3486 lazomems
946 3431 984 3485 M
1047 3437 1079 3486 18

60 3503 216 3558 uarrosM
278 3508 313 3556 20
332 3502 498 3556 uarrumM
555 3509 667 3572 -211pso
687 3505 761 3572 (oeae
780 3519 797 3557 a
815 3503 899 3573 corr.)
920 3503 964 3570 M,
982 3503 1081 3572 ipse'g

135 3580 299 3628 sarnanum
314 3573 352 3626 M
409 3579 442 3627 23
456 3573 526 3628 dicit
540 3575 589 3630 del.
606 3573 701 3644 Pauly
764 3579 799 3628 26
812 3574 994 3645 pertinencia
1008 3575 1047 3628 M

59 3651 97 3700 26
117 3662 172 3714 qne
192 3645 232 3698 M
304 3650 338 3700 27
357 3645 480 3700 mhertes
499 3646 538 3699 M
605 3646 718 3715 raperet
737 3645 775 3700 M
846 3652 881 3702 30
898 3645 979 3701 hema
999 3646 1038 3699 M

814 3737 869 3809 rs*
960 3793 963 3798 ,
