2416 3934
136 117 181 180 44
558 115 631 170 oon
650 116 673 185 1,
691 119 734 171 er.
762 129 765 136 ·

136 278 284 360 liaribus]
310 279 387 362 pede
416 278 509 344 labero
526 277 688 362 praeeundo
712 277 808 358 telius.
845 275 879 339 id
904 279 953 341 est
975 276 1077 342 libere
1102 278 1162 342 tri-

138 367 339 452 pudiandum
362 369 411 432 est
434 389 471 432 ao
492 389 552 452 per
573 365 635 432 hoo
657 364 842 446 ludendum.
920 365 941 430 2
964 387 1067 432 nune
1093 364 1162 431 Sa-

137 455 302 522 liaribus
334 478 471 522 ornare
500 449 739 540 puluinar'd.
766 458 790 519 t.
820 475 847 518 e.
871 453 901 520 d.
924 477 949 520 s.
974 479 997 520 s.
1054 477 1164 520 sacer-

140 547 265 620 dotales
298 566 411 630 cenae,
443 566 522 632 quas
546 541 626 610 Salii
648 543 789 628 faciunt,
821 542 974 610 dicuntur
997 566 1068 624 esse
1094 566 1164 608 am·

112 634 277 722 splissimi
309 636 494 720 apparatus.
538 632 624 722 unde
655 629 691 700 in
726 629 901 718 prouerbio
934 637 985 698 est
1016 631 1165 698 Saliares

138 745 234 790 oenas
249 724 354 790 dicere
374 722 525 809 opiparas
544 725 577 786 et
595 721 752 807 copiosas.
821 720 843 786 5
862 721 1027 788 antehae
1045 722 1166 786 nefas

138 813 363 899 depromere
397 809 432 877 Ο.
461 833 487 875 o.
519 833 547 876 a.
582 809 666 876 belle
698 833 757 896 per
788 809 886 877 cellas
914 811 1020 878 auitas
1043 811 1167 875 uinum

138 905 306 968 uetustum
317 899 488 987 signifieat.
557 898 713 965 8funns
736 902 774 965 et
795 899 959 984 imperio
982 899 1163 984 parabat.

138 991 237 1056 funus
269 1013 328 1075 pro
362 989 459 1057 exitio
496 989 648 1073 positum.
702 989 865 1076 imperio
904 985 1013 1072 autem
1045 988 1166 1074 utique

100 1099 126 1140 10
138 1079 288 1146 Romano
316 1075 579 1164 intellegendum.
671 1078 691 1141 9
715 1077 984 1144 contaminato
1012 1099 1039 1142 e.
1063 1098 1098 1164 g.
1133 1077 1167 1140 id

141 1172 204 1254 est,
236 1190 309 1233 oum
336 1189 434 1255 grege
462 1167 660 1254 spadonum,
692 1189 773 1252 quos
797 1165 972 1252 Cleopatra
1000 1166 1166 1246 satellites

141 1261 175 1322 et
198 1257 418 1326 cubicularios
430 1256 582 1344 habebat,
605 1278 687 1345 quos
705 1255 818 1346 morbo
838 1257 949 1351 turpes
964 1255 1059 1340 dixit,
1082 1256 1168 1340 quia

139 1346 208 1412 fore
226 1345 262 1412 hi
281 1345 458 1415 effeminati
477 1346 562 1411 sunt.
627 1346 667 1409 11
691 1345 928 1429 fortunaque
952 1343 1065 1410 dulei.
1098 1345 1167 1410 hoe

142 1440 205 1502 est:
227 1435 380 1501 fortunae
404 1457 553 1500 successu
573 1433 704 1499 demens
728 1438 761 1498 et
782 1431 976 1502 inoonsulta.
1019 1433 1072 1498 -12
1098 1434 1168 1498 sed
1204 1441 1205 1444 ’

103 1545 128 1586 rs
142 1525 283 1598 minuit
304 1523 475 1600 furorem
497 1524 561 1587 nix
582 1545 659 1587 una
683 1544 815 1607 sospes
838 1523 954 1587 nauis
983 1521 1028 1587 ab
1056 1521 1166 1608 igni·
1204 1587 1205 1602 ¹

141 1613 222 1677 bus.
258 1633 333 1675 una
351 1612 478 1694 nauis,
502 1633 565 1696 qua
580 1610 702 1676 scilieet
716 1612 831 1697 effugit
842 1611 931 1676 uicta
945 1611 986 1675 ab
997 1609 1165 1696 Augusto,
1204 1607 1205 1622 ¹

143 1701 199 1766 sed
223 1687 339 1766 ‘unam
360 1699 511 1787 nauem’
534 1693 760 1784 ὑπερβολικῶς
775 1699 905 1776 'dietum
928 1695 1045 1786 aoeipe.
1122 1702 1166 1763 14

143 1792 385 1873 mentemque
416 1785 494 1882 lym
523 1789 653 1854 hatam
684 1781 897 1855 Mareotico
933 1783 1089 1878 redegit
1125 1790 1168 1853 in

143 1901 257 1945 ueros
275 1879 444 1944 timores.
470 1813 625 1943 Mirans
638 1876 733 1966 palus
747 1899 816 1956 esse
827 1875 1171 1966 dieiturinAegypto‚

104 1990 130 2030 ao
143 1969 229 2034 unde
261 1968 376 2045 uinum
407 1963 621 2033 Mareoticum
653 1959 778 2032 dieitur.
830 1971 910 2056 ergo
941 1965 1169 2052 ‘lymphatam
1204 2009 1205 2024 η

144 2060 287 2122 mentem
309 2047 566 2122 Mareotio'o'‘ex
588 2053 744 2136 ebrietate
766 2051 923 2120 uesan'am
946 2056 1065 2139 aooipe.
1125 2059 1169 2121 19

143 2146 184 2210 in
207 2145 351 2228 eampis
374 2145 522 2209 niualis
545 2142 792 2226 Haemoniae.
836 2143 1020 2232 Haemonia
1043 2144 1171 2210 dieitur
1204 2163 1205 2234 ᾗ

144 2233 186 2297 ab
209 2231 377 2296 Haemone
400 2235 524 2316 monte,
553 2253 647 2317 quern
670 2229 814 2298 niualem
836 2229 951 2298 merito
975 2233 1174 2318 appellauit,
1204 2239 1205 2314 t

145 2317 222 2404 quia
246 2321 301 2384 est
317 2317 555 2408 frigidissimus.
636 2317 680 2384 20
703 2320 812 2387 daret
834 2314 1050 2387 ut'oatenis
1073 2321 1097 2386 f.
1124 2346 1172 2387 m.

105 2436 131 2476 rs
145 2409 268 2474 fatale
297 2411 480 2498 monstrum
511 2411 568 2473 aut
597 2431 617 2474 a
646 2409 715 2476 fato
747 2409 809 2474 sibi
839 2414 1005 2476 seruatum
1027 2413 1086 2475 aut
1111 2412 1172 2476 de-

145 2496 295 2563 testabile
324 2497 446 2563 dietum
472 2498 535 2564 hoe
558 2497 763 2582 accipiamus.
810 2500 903 2584 quasi
926 2500 1055 2564 decreto
1078 2498 1172 2565 fato-

145 2610 218 2652 rum
234 2586 330 2653 nobis
355 2585 525 2670 obiectum.
584 2587 628 2652 22
646 2610 716 2654 neo
738 2589 981 2654 muliebriter
1004 2589 1173 2672 expauit

146 2699 284 2742 ensem.
337 2698 406 2742 non
433 2679 601 2762 tamqnam
624 2698 700 2742 ense
727 2677 859 2762 perierit
886 2675 1075 2762 Cleopatra,
1109 2679 1175 2742 sed

146 2767 308 2851 significat
331 2787 403 2830 eam
421 2767 489 2831 tam
507 2757 727 2851 praestantem
746 2767 846 2831 animi
864 2767 974 2852 fuisse,
996 2767 1034 2833 ut
1052 2787 1176 2832 ensem

106 2877 274 2938 aequoque
292 2877 361 2919 non
378 2855 532 2920 timuerit.
591 2855 634 2920 23
657 2877 726 2920 nee
749 2856 913 2920 latentis
937 2857 1061 2920 classe
1085 2857 1175 2920 uita

139 2943 347 3027 reparauit
377 2965 473 3012 oras.
517 2943 580 3008 hoo
610 2947 672 3029 est,
703 2965 764 3012 neo
793 2944 879 3030 fugit
907 2947 944 3012 in
972 2944 1107 3010 latentis
1133 2944 1174 3008 id

148 3034 198 3096 est
219 3031 352 3098 intimas
375 3031 519 3118 Aegypti
541 3033 700 3118 regiones,
722 3036 761 3097 ut
781 3033 867 3098 uires
889 3033 965 3099 inde
988 3038 1175 3117 repararet.

220 3189 447 3260 lpede-tellus
466 3205 517 3243 om.
537 3189 576 3243 Μ
649 3196 768 3263 4sepne
846 3197 1033 3261 sopprparas
1053 3189 1092 3243 M

148 3261 346 3316 antehanoM
434 3259 601 3314 vuelleM
695 3261 887 3330 10g.:ZM
975 3267 1008 3316 13
1027 3260 1109 3316 dulce
1133 3261 1179 3314 Μ

148 3338 254 3456 monii
274 3349 345 3456 {pas
365 3330 1001 3484 nlrymfartgplynpffatamgrhemppnpgppffl
1013 3337 1087 3458 M²0
1104 3347 1175 3458 mgr}

150 3473 246 3526 autem
265 3489 282 3526 a
301 3473 339 3527 Μ
422 3477 456 3526 26
480 3473 527 3526 hro
547 3472 648 3542 Pauly.
668 3473 754 3528 uerba
773 3473 854 3544 quasi
874 3518 880 3530 .
900 3517 906 3529 .
926 3475 1077 3546 obiectum,
1100 3475 1174 3542 fora.

149 3543 232 3668 etiaim
243 3543 303 3668 ppo
322 3543 493 3613 accipiamus
512 3543 626 3598 delenda
643 3545 776 3600 uidentur
839 3552 873 3600 32
892 3545 1001 3618 aegipti
1019 3545 1058 3600 M
1120 3547 1175 3599 ut:

150 3629 223 3668 une
944 3643 946 3646 v
