2378 3934
483 1 487 3 a
543 1 1053 23 ἡγῇ-..Ἦ

369 115 442 171 ona
460 115 509 185 111,
528 120 562 170 ao
581 117 611 170 et
629 121 672 172 eo.
698 133 703 142 ·

46 306 97 349 non
114 281 213 366 potest
233 277 439 344 commodum
466 278 568 364 uitae,
600 277 779 363 quodiam
805 280 949 364 percepi,
981 281 1029 346 in·

46 374 168 456 l'ringere.
224 368 267 432 50
281 367 412 435 ludum
434 366 670 452 insolentem
694 367 1029 453 luderepertinax.

45 459 178 525 ueteribus
210 456 369 522 usitatum
400 456 592 522 elocutionis
625 477 728 542 genus
757 456 885 524 ‘ludum
907 458 1027 523 ludere'

44 551 107 613 sicut
126 547 239 612 ‘uitam
261 545 388 610 muere'
418 548 451 609 et
475 545 684 611 ‘seruitutem
706 544 843 612 seruire'
872 549 905 612 et
927 547 1031 612 multa

44 635 171 702 similiter.
273 633 315 698 51
358 637 598 700 transmutat
639 635 812 702 incertos
854 635 1059 702 honores⁵

41 731 125 791 unum
145 722 392 790 transmutando
416 722 556 788 incertos
588 722 680 806 facit,
717 745 772 808 an,
809 724 886 808 quia
917 725 1031 791 incerti

41 817 109 898 suut,
141 813 212 878 ideo
240 815 460 876 transmutare
490 833 545 876 eos
568 812 701 895 potest?
791 812 835 877 54
870 815 1030 900 resigno

42 926 115 988 quae
135 901 248 982 dedit.
294 900 452 986 resigno
483 899 518 965 id
540 904 603 965 est:
635 900 743 966 reddo.
789 903 1031 986 etmeauir·

41 996 103 1058 tute
129 1013 185 1056 me
216 989 391 1057 inuoluo.
437 989 568 1072 diserte,
600 989 634 1054 id
657 993 715 1073 est,
738 1011 811 1060 mea
834 990 956 1066 uirtute
978 1012 1031 1056 me

40 1080 125 1146 numo
145 1079 230 1144 nihil
253 1077 296 1142 ab
318 1077 380 1142 illa
397 1078 517 1144 timens
546 1080 603 1160 aut
626 1078 826 1162 desiderem,
858 1082 1030 1149 contentus
1045 1107 1072 1146 ιο

39 1172 90 1234 sola
107 1168 269 1253 probitate
293 1170 325 1231 et
347 1166 436 1232 bona
458 1165 666 1234 conscientia.
748 1167 790 1234 56
824 1169 909 1238 sine
943 1170 1031 1235 dote
1081 1197 1084 1208 ·

39 1260 61 1322 id
79 1263 131 1324 est:
154 1257 224 1322 sine
239 1255 367 1340 opibus.
436 1254 477 1321 57
501 1277 579 1320 non
597 1259 659 1338 est
679 1278 804 1321 meum
828 1256 859 1322 si
882 1260 1033 1344 mugiat

38 1347 163 1426 ,lirinis
196 1346 321 1411 malus
352 1342 552 1428 procellis.
597 1366 656 1411 neo
679 1343 767 1412 uitae
789 1366 849 1411 neo
872 1347 1033 1430 propositi

39 1438 84 1500 nei
103 1438 164 1520 est,
187 1434 308 1520 inquit,
326 1435 431 1498 arnae
453 1432 602 1517 aduersa,
625 1434 701 1520 quia
723 1455 782 1499 nec
805 1434 956 1519 perieulis
980 1457 1034 1501 me

39 1528 168 1608 quaestus
198 1545 297 1590 causa
328 1521 496 1604 committo
525 1543 586 1587 nec
613 1523 708 1607 plura
730 1544 828 1607 quam
850 1523 955 1590 habeo
978 1523 1032 1590 de·
1046 1549 1074 1590 1⁵

39 1614 129 1679 sidero.
198 1613 242 1678 60
273 1631 320 1676 ne
352 1609 516 1696 Cypriae
539 1609 760 1697 Tyriaeque
791 1633 937 1678 merces
968 1613 1032 1677 ad·

39 1704 108 1767 dant
130 1722 250 1768 auaro
274 1699 437 1766 diuitias
461 1699 573 1764 mari:
597 1699 691 1783 quasi
713 1700 779 1780 iam
802 1723 892 1766 mare
913 1701 1034 1768 habeat

38 1791 145 1856 diuitias
169 1788 337 1855 obruendo
359 1809 460 1855 naues
483 1809 556 1853 cum
579 1787 675 1854 rebus
699 1789 953 1873 pretiosissimis.

9 1927 11 1962 ,
38 1881 68 1944 ti
92 1883 183 1944 tunc
214 1899 272 1942 me
301 1877 463 1944 biremis
490 1877 690 1962 praesidio
714 1878 881 1963 scaphae
904 1882 1033 1944 tutum

9 1971 11 2028 l
37 1991 85 2051 per
109 1967 263 2055 Aegeos
291 1966 480 2031 tumultus
509 1986 602 2030 aura
637 1965 740 2033 feret
776 1968 1074 2055 geminusqueeo

9 2057 161 2136 3Pollux„
206 2059 299 2140 tune,
322 2076 395 2120 cum
417 2054 556 2120 maxime
579 2054 685 2120 saeuit
705 2059 897 2141 tempestas,
919 2056 1035 2142 inquit,
1081 2069 1088 2082 ·

9 2137 80 2231 'ego
108 2150 199 2212 tutus
231 2145 352 2230 nauigo
388 2141 549 2227 praesidio
582 2142 730 2228 scaphae.
777 2145 834 2210 sed
864 2167 922 2230 per
954 2146 1034 2212 haec

9 2211 209 2321 lallegoricos
251 2232 414 2319 significat
455 2253 489 2298 se
525 2234 634 2297 tutum
671 2254 880 2320 securumque
915 2235 1036 2318 uiuere,

35 2327 183 2407 quianon
205 2325 342 2410 quaerat
368 2321 512 2403 diuitias,
542 2342 623 2405 quas
653 2343 722 2388 non
745 2323 912 2401 desideret.
990 2325 1035 2390 64

36 2413 269 2497 geminusque
298 2405 469 2476 P011u12'
494 2409 570 2494 quia
599 2409 716 2475 horum
749 2412 855 2477 sidera
891 2434 965 2478 cum
998 2435 1075 2478 sees

36 2503 194 2568 ostendunt
215 2499 439 2566 laborantibus
461 2498 569 2564 nautis
593 2499 752 2581 praebent
775 2522 865 2585 spem
889 2502 1012 2567 salutis.

447 2637 519 2706 oon
538 2642 564 2706 a,
583 2641 627 2692 eo.

107 2749 229 2836 Exegi
258 2749 545 2814 monumentum
575 2767 663 2811 aere
690 2746 911 2832 perennius.
956 2749 1037 2815 haec

9 2901 11 2928 ,
36 2834 101 2924 ᾠδὴ,
124 2861 188 2926 qua
210 2838 326 2903 tertius
349 2835 432 2900 liber
455 2838 707 2919 consummatur,
729 2837 765 2901 in
778 2837 880 2921 ipsius
894 2839 1036 2905 auctoris

9 2969 11 3046 Ι
38 2929 131 2994 laudes
154 2928 276 3011 scripta
304 2928 362 2990 est.
452 2925 473 2988 2
503 2924 708 3009 regalique
732 2975 740 2988 .
763 2975 771 2989 .
793 2927 1036 3012 pyramidum
1050 2944 1079 2985 ³0
1168 2995 1172 3004 ,

9 3047 10 3052 1
38 3017 147 3082 altius.
214 3013 403 3102 Pyramides
439 3033 553 3098 regum
589 3012 825 3098 Aegyptiorum
867 3016 1039 3100 sepulchra

9 3059 11 3186 l
39 3110 99 3170 sunt
129 3105 209 3172 adeo
241 3103 371 3189 ingenti
400 3102 487 3166 mole
519 3120 670 3165 saxorum
702 3102 736 3166 in
768 3103 882 3169 mediis
905 3103 1037 3170 harenis

9 3205 11 3246 r

96 3283 207 3352 lpotes
232 3279 271 3334 M
344 3275 457 3348 percepi
474 3291 538 3330 aas:
564 3278 692 3344 perceprt
710 3277 749 3330 M
819 3281 953 3347 tpotest
974 3296 1039 3335 reos:

39 3353 99 3419 put&
118 3353 156 3406 M
227 3349 439 3406 recimerem
458 3346 523 3402 Aer.
543 3346 670 3400 addicturi
752 3353 1039 3420 161180..synae-

40 3441 80 3490 que
98 3423 133 3478 M
179 3431 212 3479 18
231 3421 450 3491 pretiosissimis
469 3417 507 3470 M
556 3422 588 3470 19
609 3415 701 3472 scalae
722 3418 760 3470 M
803 3421 983 3476 accumulas
1003 3423 1042 3476 M

95 3501 129 3548 22
147 3495 240 3549 scafac
261 3493 299 3546 M
369 3496 403 3544 28
420 3489 474 3542 hac
494 3487 532 3540 M
602 3493 636 3541 29
655 3491 874 3543 comsummetur
892 3497 917 3544 et
935 3491 1040 3545 scribta

43 3564 68 3617 ll
132 3573 167 3620 30
184 3567 234 3621 lece
251 3563 331 3618 schol.
342 3565 408 3631 post
420 3560 563 3626 insequens
578 3558 673 3624 posuit
692 3556 731 3610 M
799 3565 832 3612 31
852 3562 1043 3628 eegrptrorum

9 3635 10 3668 ἒ
41 3639 181 3708 dirempto
200 3637 239 3693 Μ
