2426 3934
182 152 247 216 330
478 149 658 206 aerarum
676 151 709 219 11,
729 155 754 219 1,
775 156 889 204 21-39.

179 319 203 379 t.
226 318 263 380 ut
285 334 405 400 mango
428 313 584 377 uenalem.
675 314 716 378 21
745 313 893 377 talibus
922 313 1068 378 officiis
1094 335 1121 396 p.
1141 337 1172 378 m.

180 404 243 469 hoo
270 407 333 467 est:
362 403 402 466 ad
426 401 629 466 scribendum
651 401 799 466 debilem.
845 404 878 465 et
900 402 982 466 bene
1005 423 1173 484 mancum,

181 492 268 577 quod
290 492 406 556 uitium
435 511 548 555 manus
580 493 638 554 est.
728 490 771 555 23
805 490 896 575 quid
927 494 1007 555 tum
1038 490 1173 575 profeci.

182 582 259 667 quid
296 580 431 666 profeci,
467 580 586 663 inquit,
617 579 833 662 praedicendo
865 579 983 644 uitium
1014 580 1173 644 meumlo

153 671 252 736 siura
279 691 405 735 mecum
432 668 584 733 facientia
610 668 644 732 id
672 669 735 732 est:
761 690 821 752 pro
849 690 910 732 me.
966 672 999 732 et
1026 671 1075 732 est
1100 671 1175 753 quasi

181 761 381 825 exclamatio
440 758 485 822 24
507 758 540 821 si
561 762 689 822 tamen
713 757 944 840 adtemptas:
969 759 997 821 si
1021 757 1114 821 modo
1134 758 1174 820 ad-

181 847 244 912 huc
268 849 431 928 sollicitas,
454 850 491 909 ut
514 846 653 910 scribam
675 846 744 910 tibi.
825 846 869 910 26
898 845 1055 910 Luculli
1076 846 1175 909 miles.

180 936 276 1000 huius
304 935 442 1019 exempli
468 935 655 1000 narratione
682 935 755 999 uult
787 934 956 1000 ostendere
988 935 1177 998 uehementer

181 1025 330 1106 stultum,
358 1045 454 1108 quem
480 1046 533 1087 res
562 1044 629 1088 non
657 1023 782 1101 doceat,
810 1023 888 1107 quid
916 1023 960 1088 sit
985 1024 1075 1089 utile.
1120 1021 1176 1087 Lu-

140 1132 167 1170 10
181 1114 275 1178 culli
301 1113 420 1178 miles.
466 1111 527 1176 hoc
550 1112 672 1176 factum
695 1117 745 1176 est
767 1111 925 1196 inbelle,
948 1113 1037 1196 quod
1058 1113 1176 1197 populus

181 1202 348 1266 Romanus
376 1202 455 1267 duce
477 1200 513 1264 L.
536 1199 670 1266 Lucullo
699 1222 772 1265 oum
796 1199 985 1266 Mithridate
1014 1222 1089 1286 rege
1110 1200 1176 1264 Pon-

182 1291 246 1355 tico
270 1292 379 1375 gessit.
420 1294 453 1354 et
475 1288 601 1353 Luculli
624 1289 717 1354 miles
732 1287 925 1354 Ualerianus
949 1293 983 1354 et
996 1287 1177 1354 Seruilianus

182 1381 347 1445 exereitus.
428 1379 470 1444 27
496 1379 542 1442 ad
564 1399 701 1442 assem:
724 1400 826 1463 usque
849 1377 892 1442 ad
914 1400 1031 1462 assem,
1054 1378 1113 1442 hoc
1134 1388 1177 1447 est,

181 1473 252 1533 tota
273 1469 401 1532 uiatioa.
492 1468 534 1532 28
563 1467 767 1531 uehemens
797 1468 921 1550 lupus.
971 1467 1056 1532 bene
1079 1466 1199 1560 ‘lupus’p

142 1573 168 1614 1⁵
182 1558 273 1621 miles
296 1558 472 1640 Romanoa,
495 1557 572 1641 quia
593 1557 629 1620 in
651 1557 755 1620 tutela
776 1554 892 1620 Martis
915 1560 965 1620 est
981 1556 1088 1640 lupus.
1117 1555 1179 1622 sibi

183 1650 221 1710 et
256 1646 367 1710 hosti.
425 1646 500 1710 sibi
532 1647 609 1730 quia
640 1646 748 1729 potuit
778 1645 926 1729 perdere,
959 1645 1068 1710 hosti
1104 1645 1178 1728 quasi

182 1735 313 1818 raptori.
404 1734 448 1799 30
475 1733 712 1818 praesidium
739 1735 870 1820 regale
899 1735 928 1798 d.
956 1737 999 1798 ut
1030 1757 1059 1798 a.
1102 1733 1178 1797 ordo:

182 1823 377 1908 praesidium
404 1823 512 1908 regale
540 1823 654 1887 deiecit
680 1823 752 1888 loco
781 1845 905 1888 summe
928 1823 1064 1888 munito.
1146 1823 1177 1885 31

183 1916 221 1976 et
243 1913 450 1978 multarum
472 1913 501 1977 d.
524 1935 552 1977 r.
594 1912 656 1976 hoo
675 1916 739 1977 est:
763 1912 960 1996 praesidium
974 1935 993 1976 a
1007 1911 1177 1977 Mithridate

140 2019 169 2057 20
185 2023 281 2084 super
302 2002 496 2066 thensauros
520 2003 587 2065 eius
610 2001 761 2084 positum.
821 2001 864 2066 32
889 2001 1000 2067 donis
1025 2004 1178 2067 ornatur.

184 2088 358 2154 aLucullo
385 2092 588 2174 imperatore.
678 2089 848 2154 ecferte
878 2091 946 2156 sub
969 2091 999 2154 h.
1024 2095 1048 2156 t.
1104 2111 1177 2172 prae-

182 2181 286 2241 torem
314 2177 484 2242 Lucullum
513 2178 683 2263 significat.
727 2181 775 2243 ita
801 2179 888 2244 enim
917 2180 994 2258 olim
1018 2180 1112 2244 duces
1132 2179 1198 2241 imm

182 2269 410 2349 peratoresque
438 2266 516 2331 dicti
543 2269 589 2347 [et
616 2267 799 2350 praefectus
830 2268 1018 2351 praetori0].
1108 2268 1143 2330 31
1170 2257 1198 2327 i*

183 2353 280 2418 bone
309 2376 382 2438 quo
409 2354 536 2420 uirtus
564 2360 639 2420 tua.
689 2357 788 2421 uerba
810 2356 936 2421 Luculli
958 2356 1095 2421 militem
1119 2356 1177 2420 hor-

142 2443 294 2508 autentis.
384 2444 426 2509 39
450 2448 539 2527 post
566 2445 659 2509 haec
686 2445 754 2510 ille
778 2450 896 2511 catus.
940 2449 1016 2530 post
1038 2446 1116 2510 haec
1136 2444 1177 2506 ille

184 2533 306 2618 doctus
329 2533 443 2618 inquit,
466 2535 612 2619 exemplo
636 2537 657 2615 †
679 2537 716 2598 ut
739 2535 767 2599 si
790 2535 833 2600 sit
847 2536 964 2599 stultus
980 2534 1043 2599 sibi
1057 2537 1089 2599 et
1102 2532 1176 2597 dicit:

183 2623 245 2686 ibit
274 2644 325 2706 eo,
353 2645 417 2708 quc
447 2623 510 2708 uis,
539 2624 595 2709 qui
622 2622 786 2707 perdendo
814 2645 929 2688 zonam
957 2623 1081 2707 didicit,
1107 2621 1176 2686 unde

184 2711 227 2776 sit
252 2712 385 2776 lucrum.
441 2733 498 2777 eo:
529 2713 614 2777 illuc.
669 2716 793 2778 catus:
826 2715 977 2796 expertus
1009 2716 1043 2778 et
1073 2712 1177 2776 doctm.

183 2822 332 2865 zonam:
362 2804 508 2885 sumptus
532 2805 565 2865 et
586 2801 756 2886 uiaticum,
778 2801 864 2886 quod
885 2803 921 2866 in
943 2823 1025 2866 zona
1047 2801 1111 2866 fere
1131 2798 1176 2861 mi-

141 2907 169 2947 so
183 2889 256 2952 lites
279 2891 420 2971 portant.
451 2889 503 2954 his
526 2895 634 2954 autem
658 2891 806 2956 omnibus
819 2888 975 2954 Horatius
993 2890 1064 2954 uult
1087 2891 1197 2954 osteu-¹

185 2977 273 3061 dere,
300 2979 405 3062 primo
429 2979 597 3063 dispendio
625 2981 673 3043 rei
694 2979 863 3044 familiaris
886 3002 920 3043 se
943 2982 1096 3062 coactum,
1117 2982 1197 3060 post

255 3154 322 3207 lut
339 3169 402 3208 ooo:
420 3155 513 3209 ueM
596 3153 823 3209 tfacrentraM
904 3154 1092 3224 pr02perM
1165 3153 1176 3200 1

181 3223 272 3277 lucrlh
292 3225 330 3277 M
409 3226 625 3280 8uehementer
642 3242 706 3280 eos:
723 3227 869 3282 uenientes
889 3225 928 3280 M
1015 3223 1133 3280 elucrlh
1150 3220 1178 3272 M

255 3301 288 3348 10
306 3295 337 3347 in
355 3295 431 3350 bello
450 3297 525 3364 quod
543 3312 609 3350 cos.-
627 3297 702 3351 bello
719 3299 814 3366 mqurt
832 3296 897 3366 (pi.)
917 3296 956 3351 M
1029 3303 1064 3350 ,11
1083 3292 1177 3348 mrthn-

183 3365 267 3418 datae
288 3365 326 3418 M
402 3372 434 3419 15
453 3367 573 3421 tutelam
592 3367 631 3420 M
705 3375 738 3423 16
757 3367 812 3422 sibi
830 3368 894 3424 add.
912 3384 962 3422 ocos
979 3373 1005 3422 et
1024 3366 1107 3421 Miclc.
1126 3364 1176 3416 Pc-

181 3435 291 3502 scheac'y
310 3435 424 3489 Zeitsch.
443 3436 464 3501 f.
484 3442 577 3492 ostar.
593 3437 691 3506 ayma
709 3444 786 3494 1868
800 3455 831 3508 p.
847 3443 903 3494 650
966 3445 999 3494 18
1013 3439 1095 3492 drecrt
1109 3435 1143 3488 M

185 3509 217 3555 19
236 3504 412 3558 mrthnthate
432 3506 471 3557 M
540 3513 573 3562 21
593 3508 687 3563 luculo
707 3509 746 3562 M
819 3512 965 3582 prptorum
984 3510 1022 3564 M
1096 3513 1127 3561 21
1144 3506 1178 3558 ita

182 3571 283 3624 addidi
381 3581 415 3628 23
433 3577 499 3630 haee
517 3579 605 3632 deleat
699 3579 842 3635 1411111111
861 3580 900 3633 M
991 3587 1025 3637 18
1041 3580 1107 3636 illuc
1123 3591 1178 3632 cos:

182 3637 254 3690 rllud
274 3641 312 3693 M
381 3649 414 3698 29
433 3662 463 3700 1n
482 3661 580 3701 zonam
599 3649 638 3700 M
