2378 3934
349 157 469 216 saeuo
489 162 510 229 1,
530 167 555 231 u,
575 167 670 216 u-eu.
960 163 1021 227 191

31 320 254 404 uaniloquentia
276 321 436 387 dicuntur.
482 323 607 408 colligit
630 328 739 388 autem
756 325 818 390 hac
832 329 942 391 satura
956 325 1023 391 fere

28 409 166 492 homines,
199 409 278 476 dum
308 411 389 476 uitia
418 412 537 495 uitent,
567 413 603 476 in
627 415 790 478 0011110110
818 414 900 480 uitia
926 416 1023 480 recci-

29 497 92 562 dere.
154 499 172 563 7
198 499 302 564 hunc
326 501 358 564 si
380 501 623 585 perconteris
647 503 710 567 aui
732 524 798 567 cur
821 507 935 587 atque
958 526 1023 588 pa·

27 588 128 652 reutis
151 593 186 653 et
208 589 343 673 reliqua.
389 589 416 654 si
433 590 685 676 interrogaueris
703 591 811 677 alium,
833 592 948 677 inquit,
967 614 1023 657 cur

29 677 163 741 maiorum
198 699 333 744 suorum
360 679 449 743 bona
479 683 645 744 mutuatus
678 681 849 765 pecuniam
882 681 1050 766 deuorato

27 765 216 850 respondebit
247 767 336 834 nolle
368 789 402 832 se
432 768 537 832 uideri
568 768 688 833 sordidi
719 771 892 855 pusillique
915 771 1024 856 animi,

27 861 49 918 et
71 860 162 920 erunt
194 857 251 942 qui
281 878 355 922 eum
383 857 530 942 laudent,
566 856 622 922 alii
649 880 727 923 uero
751 859 806 944 qui
828 860 1022 945 uituperent

94 945 112 1008 9
136 945 346 1016 conductis
364 967 544 1011 coemens
568 947 731 1011 obsonia
749 949 921 1013 nummis.
956 950 1022 1014 fae-

26 1055 85 1097 mre
113 1036 257 1120 sumptis
286 1035 452 1121 eleganter
482 1035 576 1120 dixit,
608 1037 692 1101 sicut
723 1037 874 1102 conducti
906 1059 1022 1122 operae

25 1121 154 1188 deantur
178 1124 224 1208 ei,
256 1124 372 1209 quibus
399 1145 522 1190 merces
550 1125 592 1189 ob
616 1147 696 1210 opus
719 1131 911 1210 praestatur.
981 1128 1062 1192 121⁰

25 1209 185 1278 Fufidius
223 1235 370 1298 uappae
400 1215 433 1279 id
456 1217 520 1278 est:
560 1214 670 1300 timet,
701 1237 742 1279 ne
766 1215 884 1280 sinon
907 1217 1023 1281 aeriter

25 1321 116 1366 naras
145 1303 304 1388 exegerit,
336 1325 444 1388 uappa
471 1324 509 1368 ae
530 1304 649 1368 nebulo
672 1303 798 1368 dicatur
820 1304 853 1368 id
876 1308 926 1368 est
947 1305 1022 1370 uilis

27 1411 51 1453 au
69 1392 270 1476 nugatorius.
344 1394 386 1457 14
418 1393 555 1477 quinas
581 1392 643 1457 hic
680 1391 800 1477 capiti
829 1393 1022 1458 mercedes

27 1484 170 1546 exsecat.
217 1481 379 1547 mercedes
410 1503 470 1567 pro
502 1482 609 1546 usuris
641 1481 723 1546 dixit
745 1481 920 1546 seeundum
941 1481 1022 1546 illud

28 1570 162 1655 superius,
177 1569 265 1655 quod
284 1570 409 1636 dixerat
427 1571 632 1636 conductis
649 1571 823 1636 nummis.
869 1576 1022 1636 exsecat
1036 1583 1061 1624 1⁵

27 1662 113 1722 sutem
137 1659 260 1743 capiti
283 1659 324 1724 ad
337 1660 417 1724 illud
435 1661 586 1746 pertinet,
609 1660 695 1744 quod
709 1660 801 1726 auari
813 1660 1023 1746 feneratores,

28 1767 80 1810 uum
100 1748 183 1812 dant
204 1749 384 1814 usurariam
411 1750 596 1835 pecuniam,
630 1749 726 1834 primi
757 1749 877 1814 mensis
908 1771 1022 1815 usuras

29 1837 103 1919 capiti
125 1838 230 1922 ipsius
253 1838 351 1903 sortis
375 1839 485 1903 statim
509 1843 692 1922 amoueant,
713 1837 776 1903 11οο
795 1843 845 1902 est
858 1859 936 1923 ergo
961 1860 1021 1902 ex·

30 1930 119 1990 secat.
191 1927 233 1992 15
265 1932 410 2012 quanto
433 1928 624 2012 perditior
646 1928 807 2012 quisque
831 1929 890 1990 est
911 1930 1021 1991 tanto

29 2015 134 2080 acrius
156 2020 306 2102 urguet.
351 2039 389 2082 ac
411 2021 519 2101 tanto,
546 2016 665 2101 inquit,
688 2015 892 2101 grauioribus
913 2015 1021 2080 usuris
1035 2029 1061 2068 20

29 2109 120 2170 onerat
143 2127 245 2170 unum
268 2127 435 2191 quemque,
458 2110 581 2190 quanto
604 2105 799 2170 intellexerit
821 2125 895 2169 eum
913 2105 1021 2189 negle-

29 2193 136 2273 gentius
167 2217 219 2259 res
255 2217 329 2260 suas
362 2217 465 2281 agere.
558 2195 599 2260 16
648 2194 805 2259 nomina
850 2196 1022 2258 sectatur

29 2283 115 2347 modo
146 2287 298 2368 sumpta
327 2288 434 2349 ueste
464 2284 573 2348 uirili
603 2285 670 2348 sub
701 2283 879 2368 patribus
907 2283 1022 2348 duris.

29 2368 86 2435 dicit
107 2394 180 2437 eum
202 2376 272 2437 tam
294 2373 504 2458 praeeipitem
534 2394 603 2438 esse
633 2373 784 2457 auaritia,
815 2378 942 2437 utnon
966 2373 1022 2437 du-

29 2457 90 2524 bitet
123 2463 222 2526 etiam
253 2462 328 2526 liliis
360 2461 502 2526 familias
525 2484 598 2526 cum
625 2461 768 2546 periculo
796 2461 945 2547 exigendi
967 2483 1021 2546 pe·
1035 2491 1061 2531 aa

30 2550 118 2615 eunias
140 2550 284 2636 credere,
316 2551 392 2615 dum
419 2551 515 2616 modo
539 2572 656 2637 graues
678 2572 794 2615 usuras
817 2551 939 2615 credito
963 2573 1021 2615 suo

30 2635 152 2721 inponat.
223 2641 263 2704 19
300 2662 368 2725 pro
406 2644 568 2726 quaestu
605 2644 796 2723 sumptum
831 2639 929 2703 facit
960 2639 1021 2703 hic

30 2725 74 2790 uix
102 2729 256 2796 eredere
283 2731 420 2814 possis.
465 2731 528 2796 hoc
548 2751 608 2812 per
630 2723 877 2812 ἆνθυποφορὰν
896 2726 1022 2811 dicitur,

30 2817 97 2881 uuus
119 2841 234 2884 sensus
257 2823 319 2883 est:
352 2819 408 2883 sed
434 2823 528 2902 putet
554 2817 693 2883 forsitan
720 2817 820 2902 aliqui
842 2839 901 2902 pro
924 2817 1021 2881 modo

30 2911 157 2985 quaestus
182 2908 244 2972 sibi
267 2930 340 2973 eum
362 2908 543 2994 indulgere3
571 2909 622 2972 eui
644 2907 725 2972 haee
747 2906 934 2991 respondet:
958 2907 1022 2970 uix
1035 2935 1061 2976 eo

32 2996 159 3062 credere
198 2998 340 3082 possis,
389 3019 500 3081 quam
532 2997 606 3062 sibi
649 3017 726 3062 non
772 2996 823 3061 sit
868 2995 1021 3060 amicus.

95 3085 139 3150 20
171 3087 300 3160 itaut
329 3090 440 3172 pater
469 3087 537 3150 ille
560 3085 719 3149 Terenti
747 3084 883 3150 fabula
913 3106 1021 3168 quem
1114 3131 1121 3143 s

33 3207 220 3220 ᾖ*

83 3271 96 3317 1
123 3263 296 3332 colleth
383 3261 500 3316 4illum
518 3261 670 3316 Fabricius
760 3266 776 3314 5
804 3261 930 3314 mutatus
950 3260 989 3312 M

34 3337 128 3402 lopere
145 3333 184 3388 M
255 3339 288 3388 10
308 3333 342 3402 ei,
361 3333 474 3402 quibus:
495 3349 553 3387 erus
572 3350 617 3388 cu1
636 3333 675 3386 M
746 3339 777 3386 11
797 3347 832 3385 ne
851 3331 887 3384 si:
911 3348 966 3384 msr
985 3331 1024 3384 M

85 3412 114 3460 14
132 3408 227 3476 exigat
246 3405 285 3459 M
357 3409 389 3458 15
409 3407 522 3458 execcat
541 3447 547 3458 .
567 3446 573 3459 .
593 3404 687 3473 eapudu
706 3404 744 3457 M
815 3409 848 3457 16
876 3405 1022 3457 senatores

36 3474 59 3526 ll
118 3484 149 3532 18
179 3479 280 3546 caprtrs
300 3477 337 3530 M
425 3475 522 3530 statim
550 3477 701 3530 amoueant
728 3489 790 3528 nos:
827 3475 933 3526 statum
960 3490 1020 3526 mc-

35 3546 113 3602 uebant
131 3549 168 3602 M
251 3554 284 3602 11
305 3549 411 3617 quanto
429 3565 459 3600 m
478 3547 520 3601 bis
539 3547 577 3600 M
656 3551 689 3599 28
717 3559 813 3614 posses
833 3543 871 3596 M
941 3538 1021 3600 dNO-

35 3615 196 3674 ΥΠΟΘΟΡΛΝ
217 3621 255 3673 Μ
308 3626 341 3673 29
361 3636 428 3672 euus
448 3619 486 3670 M
538 3623 572 3671 30
591 3634 643 3684 cur,
663 3632 697 3668 m.
716 3621 744 3671 2.
763 3616 964 3668 1110111110οΠ.
985 3613 1023 3664 M

87 3698 114 3744 31
132 3709 156 3746 su
172 3708 228 3746 uon
247 3707 284 3745 srs
304 3691 342 3744 M
412 3689 512 3742 311110
532 3689 570 3742 M
