2378 3934
176 102 239 166 162
576 100 726 156 EPODON
746 105 788 156 11.

490 259 640 316 EPODON
660 260 815 316 OARMEN
834 269 875 316 11.

263 372 371 437 Petti
397 371 498 436 nihil
525 393 582 436 me
606 371 707 436 sicut
731 374 847 436 antea
869 371 988 436 iuuat.
1048 369 1177 434 Pettium

175 461 442 528 contubernalem
464 460 648 545 adloquitur
670 461 818 526 indicans
833 463 989 544 occupato
1004 458 1069 523 sibi
1083 481 1178 522 amore

175 551 304 635 Lycisci
335 551 427 635 pueri
458 571 527 614 non
558 550 658 614 libere
689 571 802 614 uersus
835 548 982 615 seribere.
1076 547 1097 612 5
1125 547 1177 610 hic

149 640 319 706 stertius
347 639 558 705 December
595 661 639 703 ex
669 661 744 723 quo
773 638 911 703 destiti
936 637 1102 703 Inachia
1130 637 1164 699 fu

175 751 259 794 rere
287 729 400 794 siluis
427 728 613 793 honorem
640 728 797 792 decutit.
850 727 1005 792 siluarum
1031 725 1178 791 honorem

175 818 255 883 folia
269 818 422 883 arborum
437 821 469 882 et
487 815 688 902 Uergilius
708 816 789 882 dixit
811 815 992 902 Frigidus
1015 819 1055 879 et
1080 815 1179 879 silui

175 929 249 1059 ll}
255 906 925 1078 1111111111111111111
948 909 1175 1058 811115111

137 1108 163 1146 10
170 1105 239 1166 per
261 1085 398 1162 arbem,
420 1103 505 1149 oum
521 1085 635 1166 pudet
653 1085 750 1148 tanti
767 1084 871 1168 moli,
893 1083 1027 1164 fabulo
1050 1087 1179 1166 quatit

174 1173 242 1253 fut.
286 1174 360 1239 ordo
383 1178 442 1238 eet:
466 1173 548 1237 eheu
569 1193 630 1256 me,
653 1193 711 1257 per
733 1173 846 1237 urbem
866 1176 987 1257 quanta
1005 1170 1172 1236 fabulafui

175 1261 238 1326 hoc
254 1265 362 1326 autem
377 1262 468 1346 quasi
486 1261 577 1325 iuxta
596 1262 773 1345 sepositum
792 1261 930 1326 inlatum
949 1264 998 1325 est
1015 1282 1105 1324 nam
1122 1283 1165 1342 pu

177 1350 240 1414 det
262 1351 365 1415 tenti
387 1351 488 1415 mali,
525 1351 611 1436 quod
630 1352 702 1416 ideo
721 1350 841 1434 intulit,
863 1355 901 1414 ut
919 1349 1113 1432 ostenderet,
1132 1370 1167 1411 cu

176 1439 396 1526 ingemuisset.
464 1440 484 1502 9
507 1439 653 1522 inquis
676 1442 867 1504 amantem
889 1440 1058 1524 languor
1080 1442 1117 1503 et
1139 1438 1166 1500 si

137 1529 340 1594 solentium
363 1529 502 1614 arguit.
537 1527 667 1614 ‘arguit'
682 1528 788 1593 media
802 1529 926 1613 syllaba
939 1528 1100 1612 producta
1117 1549 1169 1610 pro

176 1617 406 1700 nuntiandum,
440 1617 516 1701 quia
542 1618 722 1701 praesentis
753 1617 908 1701 temporis
941 1621 999 1682 est.
1085 1617 1126 1680 10
1150 1638 1179 1678 11

176 1706 298 1770 latere
315 1706 463 1790 petitus
480 1706 556 1771 imo
576 1707 749 1791 spiritus
777 1707 870 1771 latere
877 1708 944 1788 peti
957 1706 1109 1791 spiritum
1121 1727 1175 1768 no

176 1798 306 1878 pectore
329 1796 384 1878 ait,
407 1795 561 1879 quoniam
584 1796 618 1860 in
643 1796 835 1880 suspirando
865 1798 995 1860 constat
1016 1796 1120 1860 latera
1142 1795 1170 1856 la

176 1884 319 1948 horare..
368 1885 408 1948 11
439 1887 625 1950 contrane
653 1886 799 1949 lucrum
821 1885 922 1949 nihil
944 1886 1076 1950 ualere
1098 1905 1167 1948 cau

136 1972 304 2036 sodidum
327 1974 510 2057 pauperis
533 1974 742 2060 ingenium.
779 1978 893 2038 eontra
910 1976 1051 2038 lucrum:
1074 1975 1165 2039 contr

177 2061 317 2125 studium
339 2062 421 2126 lucri
443 2062 477 2127 id
500 2066 550 2126 est
573 2067 687 2128 eontra
709 2063 889 2127 auaritiam.
927 2085 1041 2128 sensus
1064 2065 1170 2127 autem

176 2149 332 2232 querebar
345 2149 405 2213 tibi
419 2152 560 2236 plorans,
578 2153 663 2236 quod
677 2153 799 2217 candor
813 2152 913 2216 animi
926 2153 990 2216 mei
1003 2155 1037 2216 et
1049 2151 1179 2217 honest

176 2236 365 2321 simplicitas
381 2239 449 2302 sine
464 2240 548 2306 datis
562 2241 645 2306 nihil
659 2241 783 2326 gratiae
797 2241 933 2306 haberet
951 2241 1038 2326 apud
1056 2263 1177 2306 suaran

176 2326 325 2409 puellam.
387 2327 429 2390 12
448 2330 636 2410 querebar
658 2330 869 2414 adplorans
892 2331 966 2394 tibi
990 2331 1105 2394 simul
1127 2352 1169 2393 ca

135 2415 295 2480 solentis
326 2416 614 2482 inuerecundus
646 2418 738 2484 deus
765 2419 981 2485 feruidiorc
1004 2441 1105 2484 mero
1128 2442 1171 2483 ar

176 2525 271 2568 cana
294 2510 493 2589 promorat
515 2507 610 2572 loeo.
647 2508 725 2573 ordo
749 2510 813 2573 est:
837 2509 933 2574 simul
951 2509 1179 2591 inuerecundu

175 2593 253 2658 deus
277 2594 411 2660 calentis
435 2617 553 2660 areana
575 2600 742 2681 promorat
758 2597 840 2662 loco.
877 2601 910 2662 et
931 2599 1042 2682 utique
1067 2597 1179 2662 ‘amor

175 2682 321 2748 calentis'
359 2684 590 2768 accipiendum.
658 2706 771 2750 sensus
807 2707 884 2751 uero
921 2685 975 2751 hic
1012 2689 1077 2752 est:
1115 2709 1151 2750 cu

175 2772 314 2836 ebrietas
342 2775 548 2839 seueritatem
577 2776 747 2860 pepulerat
775 2778 905 2861 pectore
928 2796 1010 2859 meo,
1033 2779 1103 2840 turn
1126 2797 1179 2859 eg

246 2945 499 3016 rQQam

245 3113 380 3177 41111101,
394 3127 413 3162 u
426 3125 447 3163 s.
462 3110 480 3163 1.
496 3110 535 3163 M
587 3115 603 3163 5
622 3112 724 3164 terc1us
740 3111 871 3166 decerber
886 3152 894 3165 .
909 3154 915 3166 .
931 3109 1179 3166 dest1t1t1naoha1

175 3177 235 3261 M·
283 3179 452 3262 thonorem
470 3180 551 3234 solra:
571 3181 702 3235 arborum
720 3181 789 3236 loha
808 3183 847 3236 M
917 3183 1017 3236 9111111
1036 3182 1136 3236 addidi

174 3254 207 3300 12
226 3251 307 3303 ruxta
325 3253 478 3319 sepositum
493 3267 546 3306 cos
565 3254 609 3320 (π
628 3268 679 3321 per
696 3253 879 3321 parenthesin
898 3252 1042 3322 inlatum:
1061 3254 1142 3306 ruxtc
1159 3270 1179 3304 s:

173 3320 297 3385 pontum
320 3319 349 3372 Μ
368 3337 399 3388 ς,
422 3321 487 3375 huic
505 3327 531 3375 et
552 3323 646 3391 posito
665 3323 940 3406 PaotyOsnueptcatur
1050 3329 1085 3406 15
1110 3341 1174 3390 argu

173 3387 640 3528 procurasse..
658 3395 1087 3534 1111111111

171 3525 248 3648 hym
268 3526 318 3650 12191
336 3526 510 3654 Ἐιέὲῇὶῗῃςθο
531 3538 585 3655 ff
605 3534 728 3588 archana
745 3539 883 3604 promrrat
902 3537 940 3590 M
1010 3543 1044 3590 27
1065 3536 1179 3590 archan
