2416 3934
380 127 453 184 cun
472 129 494 198 ι,
514 135 546 183 31
567 131 597 183 ec
613 135 657 184 32.
984 129 1046 193 37,

48 310 88 357 ter
108 315 132 356 a.
156 313 179 354 r.
206 312 350 376 aequor
372 288 412 354 A.
456 292 519 357 hoo
548 290 640 376 quasi
669 291 854 377 argumenti
876 293 947 356 loco
970 313 1028 375 po·

49 383 120 446 ulum
139 384 186 446 est
208 378 248 444 ud
271 379 487 464 probandum,
510 402 607 465 quom
630 401 723 446 curus
747 379 796 445 dis
815 381 858 445 sil
874 381 929 446 hic
947 401 1028 446 mer-

47 475 118 536 calor.
182 467 222 534 16
241 470 303 534 ‘me
326 467 506 534 cichorea
524 470 708 554 leuesque
727 471 885 535 maluae.
922 468 1027 534 cicho-

45 582 83 623 rea
96 559 190 622 intiba
206 557 338 643 rustica,
360 557 489 624 maluae
511 561 620 623 autem
642 558 772 643 corpori
793 559 881 624 leues
904 557 1028 624 intelle-

45 647 147 732 gendae.
214 647 255 711 17
274 645 355 714 frui
371 646 530 731 paretis.
562 650 620 712 cui
639 643 705 712 ‘his
725 667 881 735 quaeego
896 645 1055 731 pareui'c

45 739 83 800 aul
105 734 195 820 ‘quae
223 738 341 819 parata
363 735 496 800 suntid
519 738 569 801 esl
590 736 626 800 in
648 739 802 821 promplu
826 741 903 801 suni
926 735 1030 801 omni-

44 824 103 889 bus'.
165 823 205 888 18
230 821 350 890 Latoe
374 824 503 890 dones.
540 825 632 910 quasi
657 821 791 891 ‘Lcloe'
815 825 855 891 ab
880 847 918 893 eo
942 824 1029 911 quod

44 919 76 977 esi
93 911 197 976 ‘Iulo'
222 913 399 999 figurelum
422 918 481 979 est.
770 941 773 948 ·

432 1105 505 1162 one
527 1113 550 1176 1,
569 1113 611 1162 ιι.

105 1215 303 1282 Poscimur
327 1217 358 1280 ei
381 1215 472 1300 quid
494 1217 607 1283 uacui
626 1215 695 1282 sub
714 1218 849 1282 umbra
867 1219 888 1282 1.
905 1221 929 1282 i.
964 1217 1027 1282 hac
1043 1238 1069 1279 ιο

43 1305 82 1368 ode
105 1305 203 1388 lyram
236 1326 330 1371 suam
359 1304 560 1392 adloquitur,
590 1309 629 1371 ut
658 1305 721 1370 eibi
751 1305 836 1372 adsil
858 1310 892 1372 el
914 1327 1029 1372 canere

43 1397 202 1476 perseueret.
277 1395 294 1458 1
320 1394 352 1459 si
375 1394 464 1478 quid
487 1394 602 1460 uacui
626 1394 695 1459 sub
713 1395 847 1462 umbra
865 1395 1029 1460 lusimus

42 1489 143 1548 lecum.
167 1485 212 1563 [u.
238 1484 259 1547 l.
282 1485 337 1563 m]
381 1483 427 1550 sic
450 1486 567 1567 poetae
589 1483 657 1551 fere
680 1484 861 1566 uerecunde
885 1483 1030 1550 carmine

43 1572 188 1636 seclusus
222 1573 354 1637 nocent.
406 1570 533 1638 ‘uacui'
565 1577 675 1639 cutem
707 1595 861 1640 numerus
893 1573 1028 1659 pluralis

44 1663 74 1722 ul
90 1681 176 1726 cesus
199 1659 406 1745 nominatim,
430 1664 536 1728 etesi
559 1683 687 1730 sensus:
715 1684 777 1728 nos
799 1663 895 1730 necui
922 1661 956 1728 id
978 1665 1029 1728 esi
1043 1682 1070 1723 15

43 1749 191 1834 cuegctiis
219 1749 316 1816 liberi
339 1750 367 1814 si
390 1749 468 1834 quid
489 1751 639 1837 lusimus,
669 1751 810 1840 exigitur
833 1774 852 1817 a
875 1751 970 1818 nobis
993 1755 1031 1816 ut

43 1859 172 1903 cenamus.
243 1839 388 1920 lqucd
417 1842 454 1904 el
483 1839 585 1906 hunc
614 1841 655 1906 in
685 1863 825 1908 annum
854 1841 965 1906 uiuat
993 1844 1031 1906 et

41 1926 144 2007 pluris.
190 1930 288 2012 optut
315 1927 450 1996 carmini
472 1932 511 1993 ut
532 1933 689 2014 perpetuo
713 1930 838 1996 floreat.
882 1951 921 1994 ea
943 1930 1030 1996 enim

43 2017 141 2100 scripta,
163 2038 250 2102 quae
274 2017 344 2082 sine
366 2018 488 2082 uirtute
507 2021 593 2103 suni,
615 2019 808 2104 lemporelic
827 2019 1030 2084 coloniense.

85 2105 102 2168 3
122 2125 191 2192 ege
216 2104 277 2170 dic
295 2103 478 2172 Latinum
499 2107 653 2173 barbile
672 2129 833 2174 carmen.
870 2105 1030 2174 Burbilon
1043 2127 1070 2168 eo

42 2195 128 2278 organi
149 2215 256 2280 genus
280 2197 342 2278 esl3
367 2194 423 2259 sed
441 2216 529 2262 nunc
547 2219 607 2281 pro
626 2198 697 2281 lyra
715 2197 833 2282 posuit.
902 2197 923 2262 5
940 2195 1030 2262 Les·

42 2280 83 2345 bic
106 2284 270 2367 primum
299 2306 342 2350 m.
369 2304 395 2348 c.
450 2282 604 2374 Lesbium
631 2287 734 2354 ciuem
757 2287 913 2353 Alcaeum
944 2286 1030 2351 dicit.

42 2369 202 2438 licentem
231 2373 330 2453 eiiam
356 2394 409 2438 res
436 2373 569 2442 bellicas
600 2375 755 2456 aduersus
777 2379 936 2460 tyrannos
959 2397 1030 2462 ges-

43 2459 74 2521 ul.
131 2463 148 2525 l
174 2462 258 2526 siue
281 2462 466 2528 iactatam
488 2463 681 2550 religarat
703 2488 733 2530 u.
757 2466 777 2529 l.
799 2487 831 2530 n.
872 2464 934 2530 hoc
957 2465 1030 2530 ideo

43 2545 137 2636 dicitu,
159 2551 239 2635 quia
262 2553 295 2616 et
316 2551 352 2615 in
374 2552 640 2638 nuuigeliombus
663 2553 717 2618 hic
739 2557 846 2639 poele,
869 2575 942 2619 cum
964 2553 1031 2619 bel·
1045 2572 1071 2613 ιι

43 2633 95 2700 lus
120 2661 170 2706 res
200 2642 327 2730 ageret,
357 2661 452 2726 saepe
474 2640 722 2727 tempeslelibus
746 2646 882 2708 uexatus
905 2646 963 2707 est.

45 2725 67 2787 11
87 2731 118 2792 el
138 2727 282 2813 Lycum
308 2729 434 2814 nigris
462 2731 593 2797 oculis.
639 2731 727 2796 hunc
749 2730 872 2818 Lycum
894 2751 1030 2816 puerum

44 2811 151 2882 llceeus
175 2817 298 2886 dilexit.
367 2817 408 2884 13
436 2841 457 2886 0
485 2819 601 2886 decus
623 2819 779 2886 Phoebi.
825 2821 930 2904 lyram
952 2819 1032 2885 dicil

45 2901 114 2969 decus
133 2905 268 2972 Phoebi.
337 2907 379 2974 15
409 2907 503 2974 mihi
532 2909 608 2974 rite
638 2910 746 2976 salue
776 2931 934 2994 cumque
964 2931 1031 2975 uo·

45 2994 129 3060 cunti.
174 3016 333 3080 cumque
368 3018 428 3080 pro
464 2996 764 3082 ‘quandocumque'
798 2997 942 3083 positum
972 3002 1031 3084 est,
1045 3018 1072 3059 eo

18 3163 20 3200 ι
46 3082 67 3175 ul
89 3082 138 3147 sil:
170 3106 190 3149 ο
223 3083 317 3150 dulce
345 3085 487 3154 lenimen
514 3087 595 3152 mihi
623 3087 891 3172 quandocumque
912 3090 945 3152 le
969 3089 1031 3153 nile

46 3173 191 3236 uuccenti.

18 3349 20 3408 ζ
57 3413 60 3422 ‚
94 3352 165 3403 3me
184 3347 329 3404 ccchorece
351 3349 389 3402 Μ
440 3347 535 3404 mulne
554 3349 693 3420 cychcree
710 3351 803 3406 muba
820 3353 1032 3420 rusticanum

48 3411 120 3497 lucc,
137 3423 157 3474 2
175 3419 207 3474 iu
226 3419 266 3474 Μ
334 3424 403 3474 400
439 3437 493 3475 ons
512 3419 643 3476 leuis'M
718 3423 877 3492 cprcmpn
896 3421 936 3475 M
1015 3427 1030 3475 7
1085 3468 1091 3476 .

49 3481 134 3542 luce?
221 3497 255 3546 10
274 3489 387 3546 umbrae
526 3498 560 3546 13
577 3494 696 3563 pceleee
714 3491 790 3548 ferae
810 3492 848 3545 Μ
928 3499 961 3546 16
981 3509 1030 3560 qul

51 3552 72 3605 ll
127 3567 158 3616 m
177 3561 282 3618 scubia
300 3557 339 3616 Μ
409 3567 441 3618 21
461 3563 514 3618 lua
535 3561 573 3616 Μ
642 3569 675 3619 27
694 3564 769 3618 hunc
786 3562 872 3616 lucum
892 3562 930 3614 M
996 3565 1029 3616 28

51 3622 99 3681 locu
115 3629 149 3684 M
164 3633 206 3688 bic
277 3638 311 3687 31
331 3635 428 3691 comte
449 3634 488 3688 M
