2378 3934
409 168 482 224 Ona
500 170 549 238 111,
569 175 602 224 15
622 173 651 225 et
670 177 711 227 rs.
999 171 1062 235 101

71 332 186 396 multum
214 335 337 416 potare.
382 331 443 397 hoc
475 335 525 395 est
557 332 643 396 enim
675 332 775 397 ‘faece
806 336 901 398 tenus
928 332 1063 417 potare’.

70 443 131 484 nam
151 420 258 504 utique
282 423 435 485 cumtota
458 421 615 505 amphora
633 421 768 506 bibitur,
790 421 832 486 ad
856 422 979 488 faecem
991 443 1063 508 per-

69 510 185 574 uenitur.
211 529 270 593 per
283 509 408 574 faecem
423 513 532 574 autem
548 510 691 576 uetulam
710 513 804 576 uetus
818 511 931 576 uinum
946 511 1063 595 accipe.

463 612 536 667 ona
557 619 582 681 e,
603 620 644 670 re.

139 703 331 770 Inclusam
353 704 515 770 Danaen
550 705 671 770 turris
703 725 829 771 aenea.
888 699 960 792 ᾠδὴ
983 707 1063 771 haec
1090 719 1103 760 ⁵

65 791 325 858 inMaecenatem
348 794 468 877 scripta
490 798 552 878 est,
575 815 657 878 quae
679 793 808 858 initium
822 795 952 879 quidem
965 796 1064 862 habet

66 882 97 944 ab
115 881 313 947 habitatione
336 881 481 966 Danaes,
513 886 655 948 ceterum
677 886 810 967 tractat,
842 905 925 968 quae
949 884 991 948 eit
1013 884 1064 948 uis

66 970 122 1034 auri
142 973 175 1034 et
197 975 357 1055 quantum
379 972 546 1057 potentiae
568 972 696 1038 habeat.
741 994 798 1055 per
821 973 907 1056 quod
922 972 1065 1038 ostendit

64 1060 90 1122 in
116 1059 176 1124 hoc
208 1060 325 1125 fictam.
351 1060 496 1126 fabulam
528 1060 568 1125 de
601 1081 697 1126 aureo
729 1060 826 1124 imbri
852 1060 996 1146 Danaes,
1028 1063 1065 1126 ut

64 1147 240 1212 ostendatur
285 1148 369 1214 nihil
411 1171 479 1214 non
524 1171 619 1233 posse
662 1149 800 1233 pecunia
844 1153 940 1234 atque
984 1170 1103 1214 auro1o

64 1237 238 1322 expugnari.
329 1237 351 1302 4
395 1239 599 1303 nocturnis
645 1238 691 1302 ab
738 1237 935 1302 adulteris.
979 1239 1064 1302 belle

62 1326 255 1390 nocturnis
310 1326 356 1391 ab
411 1325 615 1411 adulteris,
669 1326 745 1410 quia
796 1326 949 1391 adulteris
998 1348 1065 1391 nox

63 1418 126 1497 apta
151 1417 211 1479 est.
302 1414 324 1479 5
370 1415 401 1479 si
442 1437 519 1481 non
554 1415 747 1480 Acrisium
793 1415 962 1500 uirginis
999 1415 1064 1478 ab·

64 1503 153 1567 ditae
195 1502 395 1570 custodem
441 1503 622 1589 pauidum
654 1503 832 1587 Iuppiter
868 1507 906 1568 et
935 1502 1064 1568 Uenus

62 1591 241 1657 risissent.
288 1613 401 1657 sensus
433 1597 496 1658 est:
533 1592 677 1657 Acrisius
708 1592 794 1656 filiae
826 1613 904 1657 suae
934 1590 1065 1656 Danaes
1079 1611 1105 1652 15

63 1680 240 1763 pudicitiam
271 1681 516 1766 diligentissime
548 1681 746 1763 custodibat,
778 1681 806 1745 si
832 1703 900 1746 non
930 1681 1067 1767 diligen-

64 1769 130 1833 tiam
152 1770 241 1834 hanc
260 1769 382 1834 elusam
395 1770 518 1834 uellent
534 1767 648 1834 Uenus
667 1791 704 1834 ac
722 1769 877 1853 Iuppiter.
917 1797 919 1801 ’
941 1771 960 1834 8
984 1789 1067 1834 corc-

62 1879 152 1924 ccreo
194 1861 236 1922 irc
273 1860 434 1940 pretium
474 1860 553 1924 deo:
599 1859 676 1940 quia
711 1858 853 1940 Iuppiter
884 1859 920 1922 in
952 1879 1066 1922 aurum

63 1968 162 2012 uersus
180 1947 325 2032 pretium
342 1947 471 2012 uidetur
492 1947 593 2012 fuisse
611 1947 810 2012 concubitus.
891 1947 911 2010 9
932 1967 1067 2010 aurum

63 2057 116 2118 per
137 2036 287 2100 medios
310 2035 365 2100 ire
385 2035 591 2102 satellites.
618 2036 654 2100 in
666 2036 729 2101 hoc
742 2036 807 2101 iam
821 2055 953 2100 excessu
963 2034 1067 2099 consi·
1080 2056 1107 2096 so

61 2124 129 2189 lium
152 2130 203 2190 est
226 2124 365 2208 fabulae,
387 2147 485 2209 quam
503 2125 538 2188 in
556 2125 715 2209 principio
730 2124 847 2207 posuit.
918 2124 957 2187 11
983 2144 1067 2187 con-

63 2213 146 2278 cidit
165 2213 329 2298 auguris
348 2213 487 2300 Argiui
505 2213 637 2279 domus
657 2213 702 2278 ob
722 2212 877 2278 lucrum.
910 2210 1068 2296 Amphia-

62 2302 101 2365 rai
135 2303 275 2385 scilicet,
321 2323 416 2386 quem
457 2301 614 2386 Eriphyle
650 2323 731 2366 uxor
767 2305 919 2385 corrupta
955 2301 1069 2365 monili

64 2412 149 2457 aureo
182 2390 336 2476 prodidit.
406 2392 447 2456 13
482 2389 636 2456 diffidit
665 2390 816 2454 urbium
844 2393 979 2472 portas
1008 2390 1068 2453 uir

62 2477 220 2545 Macedo.
242 2479 431 2565 Philippum
445 2479 607 2566 significat
615 2479 793 2544 Alexandri
806 2478 920 2564 Magni
933 2482 1067 2563 patrem.
1081 2497 1107 2537 aa

144 2570 185 2633 16
222 2568 453 2652 inlaqueant
488 2568 611 2633 duces.
678 2568 907 2652 inlaqueant
947 2567 1067 2630 idest:

65 2657 197 2740 capiunt.
270 2659 308 2722 17
348 2661 581 2742 crescentem
618 2657 792 2740 sequitur
828 2677 918 2720 cura
955 2674 1067 2738 pecu·

63 2745 165 2812 niam.
210 2746 419 2828 reprehendit
432 2767 497 2828 eos,
515 2745 570 2829 qui
583 2746 753 2829 pecuniam
768 2745 814 2809 sic
828 2743 1069 2826 concupiscunt,

64 2835 222 2918 tamquam
243 2835 403 2900 feliciores
434 2834 546 2918 futuri,
582 2856 655 2898 cum
686 2837 779 2898 tanto
810 2833 884 2916 plus
915 2830 1067 2896 sollieitu-

65 2921 139 2988 dinis
163 2946 201 2988 ac
225 2944 319 2988 curae
341 2923 497 3006 habeant,
529 2927 651 3006 quanto
675 2921 778 2987 maior
796 2925 853 2986 est.
928 2922 968 2986 18
992 2942 1068 2984 ma·
1082 2951 1108 2992 30

65 3009 255 3096 lorumque
277 3011 407 3077 fames.
451 3012 662 3096 pecuniarum
684 3011 843 3076 maiorum
862 3011 991 3075 scilicet.
1036 3013 1070 3074 et

66 3097 175 3166 famem
197 3122 285 3164 nunc
308 3123 366 3184 pro
391 3101 549 3165 desiderio
572 3099 681 3184 posuit
700 3099 945 3183 metaphoricos.
991 3097 1070 3162 dicit

129 3257 271 3312 aamfora
289 3257 327 3310 M
407 3257 547 3329 edanent
566 3257 604 3309 M
678 3255 818 3310 tscrrbta
833 3255 872 3310 M
942 3253 1013 3308 'lad
1033 3253 1071 3306 M

68 3329 198 3382 caeterum
216 3329 338 3382 tractam
353 3327 391 3381 M
461 3327 570 3382 91nbr1
584 3328 622 3380 M
676 3334 707 3380 11
728 3342 886 3396 expugnare
902 3325 940 3380 M
995 3324 1070 3380 uelle

70 3397 101 3449 Μ
167 3406 200 3454 12
220 3417 270 3468 qur
287 3403 312 3453 ct
329 3399 397 3454 abta
412 3399 450 3452 M
521 3403 554 3452 14
572 3397 726 3452 rabidum..
741 3398 852 3452 nsrsent
867 3397 905 3452 M
975 3401 1008 3449 16
1024 3411 1070 3448 cu·

70 3469 198 3526 stodiebat
217 3489 235 3540 ς
321 3476 353 3524 17
377 3471 442 3524 hacc
459 3486 493 3524 cx
511 3469 619 3523 Acroce
638 3469 736 3522 addidi
822 3473 855 3522 19
874 3467 1014 3534 praetium
1033 3465 1073 3519 M

132 3547 162 3596 19
181 3542 285 3596 durum
302 3541 340 3595 M
423 3546 458 3594 20
481 3555 605 3594 excessus
623 3545 648 3593 et
665 3539 761 3594 fabula
780 3537 818 3592 M
902 3542 935 3591 22
959 3533 1071 3590 amdan

70 3613 199 3683 etenlyle
218 3613 257 3668 M
353 3618 386 3665 25
414 3611 521 3665 maced.
557 3609 688 3680 frhppum
707 3610 744 3664 M
841 3611 875 3659 29
894 3604 1027 3658 contante
1044 3607 1071 3657 ct

72 3696 139 3756 curre
157 3683 196 3738 M
265 3689 299 3738 32
318 3681 496 3737 metaforrcos
515 3681 553 3734 M
