2378 3934
172 184 234 248 178
349 177 500 236 EPODON
520 184 552 232 1⁷
571 180 600 232 et
618 178 771 236 CARMEN
790 174 1015 233 SAECULARE.

136 333 142 348 ’
172 347 283 414 cedet
313 343 559 410 insolentiae.
618 363 706 406 nune
738 341 832 425 quasi
863 333 980 406 ‘nouae
1010 339 1181 424 potencia«

171 435 435 522 intellegendum.
526 431 566 494 ll
599 432 775 498 curiosus
803 433 841 494 et
868 430 983 495 choro
1014 427 1182 511 deriper

172 527 311 590 lunam.
344 523 477 588 choro:
494 519 660 585 stellarum
679 520 809 585 scilieet.
865 519 908 584 80
927 517 1182 598 desideriiqu

172 618 392 699 temperare
420 609 601 694 poculum
627 609 747 674 idest:
780 608 899 673 amoris
922 608 1178 692 potionem·oon

146 703 276 768 ⁵ficere.
368 701 409 766 81
442 699 589 784 plorem
622 697 719 763 artis
755 698 796 762 in
830 700 868 761 te
900 696 1001 761 nihil
1034 695 1173 780 agenti

173 792 326 856 exitum
386 809 499 853 sensus
526 787 580 852 hic
608 790 671 852 est:
698 808 741 851 an
772 807 854 871 quae
877 785 1063 850 difficiliora
1083 783 1177 848 facer

172 881 294 964 possim
317 877 350 943 id
375 879 424 942 est
447 897 555 942 cereas
577 875 736 961 imagines
760 875 904 940 animare
923 877 957 938 et
971 874 1086 939 lunam
1101 873 1182 936 cael

173 989 308 1033 euocare
340 970 374 1031 et
404 965 535 1030 umbras
567 968 771 1030 mortuorum
801 963 842 1029 cl>
872 963 983 1044 inserts
1016 963 1126 1027 elicere
1165 1004 1170 1017 ·

172 1079 231 1142 per
253 1057 316 1122 hoc
339 1054 473 1139 potione
496 1057 639 1118 mentem
663 1074 772 1118 amore
794 1053 976 1138 incendere,
998 1051 1082 1116 nihil
1102 1051 1142 1114 in
1164 1055 1176 1112 t

135 1161 162 1202 1⁰
175 1149 289 1231 potero
315 1144 457 1229 artisque
479 1164 570 1207 meae
595 1143 680 1207 circa
701 1146 734 1207 te
757 1141 974 1226 inpotentiam
996 1140 1091 1206 flebo.

426 1413 625 1486 CARMEN
653 1410 944 1485 SAEOULARE.

264 1571 417 1636 Phoebe
455 1570 719 1654 siluarumque
755 1572 894 1654 potens
931 1565 1066 1632 Diana.
1132 1567 1175 1631 ho

176 1681 331 1724 carmen
354 1659 554 1724 saeculare
577 1658 773 1728 inscribitur.
806 1680 878 1722 cum
901 1657 988 1721 enim
1011 1657 1176 1721 saeculare

175 1747 270 1815 ludos
301 1747 470 1834 Augustus
503 1747 692 1832 celebraret,
730 1746 906 1812 secundum
936 1745 1036 1810 ritum
1067 1745 1176 1830 prisca

136 1837 344 1924 15rellg'l011l8
371 1859 391 1901 a
418 1836 600 1922 uirginibus
627 1837 799 1920 puerisque
827 1834 1038 1920 praetextatis
1068 1835 1103 1898 in
1133 1833 1178 1898 Ca

175 1927 289 2011 pitolio
323 1929 490 1992 cantatum
522 1930 580 1991 est.
670 1926 692 1990 2
727 1925 897 1990 lucidum
932 1924 1031 1989 caeli
1069 1922 1180 1987 decu.

175 2016 238 2082 hoc
270 2015 312 2080 ad
340 2016 452 2081 ambos
479 2015 631 2080 refertur:
665 2015 706 2079 ad
733 2014 901 2080 Phoebum
929 2013 1005 2098 quia
1035 2012 1120 2078 idem
1145 2035 1179 2076 so

176 2109 235 2188 est,
258 2107 291 2168 et
302 2101 445 2168 Dianam
469 2104 545 2189 quia
567 2103 679 2168 eadem
702 2102 797 2168 Luna
821 2106 878 2168 est.
937 2103 958 2166 3
981 2101 1072 2166 date
1096 2124 1182 2184 qua

175 2213 377 2277 precamur
398 2196 571 2277 tempore
595 2214 715 2259 sacro.
773 2214 842 2257 non
863 2195 1039 2275 tempore
1053 2190 1182 2274 ‚prisc

137 2280 351 2346 adicendum
373 2281 446 2364 fuit,
469 2281 538 2346 sed:
562 2287 707 2367 tempore
731 2282 819 2367 quod
841 2281 947 2366 prisca
969 2281 1127 2344 imitatur.

179 2371 196 2433 7
231 2368 306 2434 diis
339 2369 479 2454 quibus
511 2373 657 2455 septem
688 2371 871 2456 placuere
902 2369 1024 2434 colles
1056 2368 1092 2434 id
1130 2373 1177 2432 est

178 2457 294 2544 quibus
321 2457 428 2524 Roma
454 2459 589 2546 placuit,
621 2483 703 2547 quae
732 2460 768 2524 in
798 2463 922 2544 septem
949 2458 1088 2523 collibus
1118 2481 1178 2522 eon

178 2547 365 2614 stitutaest.
435 2549 477 2613 10
495 2549 672 2634 aliusque
692 2553 729 2614 et
751 2549 859 2616 idem.
890 2546 1083 2631 κακόζηλον.
1115 2569 1174 2612 na

178 2660 242 2722 quo
265 2637 362 2703 modo
385 2641 495 2721 potest
517 2639 588 2723 quis
612 2642 645 2703 et
667 2637 753 2704 idem
776 2660 845 2703 esse
869 2641 901 2702 et
926 2636 1016 2702 alius.
1062 2636 1173 2702 uidetu

136 2757 163 2796 25
177 2727 218 2792 ad
247 2727 328 2792 illud
355 2726 518 2812 retulisse,
545 2727 631 2813 quod
658 2728 744 2792 idem
767 2727 897 2812 quidem
920 2726 969 2792 sol
992 2746 1120 2810 semper
1143 2725 1169 2788 si

177 2815 233 2881 sed
255 2838 419 2882 renouans
443 2816 528 2882 diem
551 2818 633 2882 alius
656 2839 726 2882 esse
754 2817 912 2881 uideatur.
994 2816 1033 2880 11
1062 2813 1169 2899 possi

176 2903 278 2969 nihil
302 2905 394 2969 urbe
416 2905 536 2971 Roma
563 2907 689 2971 uisere
717 2907 848 2971 maius.
908 2905 1015 2970 ethic
1038 2925 1078 2970 ex
1102 2923 1176 2986 supe

250 3169 360 3224 laedit
379 3169 417 3223 M
498 3172 563 3225 tet
581 3187 645 3226 coro
666 3171 704 3225 M
721 3171 796 3241 (polo
816 3172 843 3238 ς)
925 3175 1047 3238 6aenq3
1067 3167 1106 3221 M

181 3239 242 3293 celo
263 3239 301 3292 M
388 3247 404 3296 8
423 3241 489 3307 fort.
508 3243 683 3296 mortuorum
701 3242 790 3297 accire
810 3258 843 3295 ac
860 3239 975 3308 potione
1050 3244 1083 3293 10
1102 3253 1175 3292 meae

177 3323 223 3362 me
253 3309 291 3360 M
402 3317 434 3366 10
461 3310 605 3367 HORATI
628 3311 761 3369 FLAGCI
788 3309 987 3366 CARMINVM
1011 3309 1131 3364 LIBER·
1157 3307 1179 3360 l

178 3391 477 3478 EXPLICEIMCIPIT
503 3399 710 3456 SERMONUM
727 3389 795 3455 ma.
814 3401 835 3453 1-
850 3399 887 3454 M
941 3404 973 3453 11
995 3398 1064 3453 Post
1087 3411 1178 3454 carme»

178 3464 1179 3611 serrasiccalccalsesslethaeussuget?

179 3601 352 3656 caelebraret
367 3605 409 3662 ¹M
487 3615 521 3664 20
540 3613 616 3679 quod
634 3629 698 3670 cos:
716 3631 771 3684 quo
791 3615 830 3668 M
903 3612 1088 3681 imitanturg
1157 3627 1169 3672 -3

177 3671 293 3726 &idem
312 3675 426 3729 essetis
446 3678 484 3730 M
