2416 3934
163 68 205 134 58
531 66 603 122 oon
622 68 655 135 n,
676 73 691 124 a
711 69 740 122 et
758 73 783 123 s.

163 231 303 316 ‘expedit
329 229 462 296 fallere'.
555 231 595 293 13
626 230 728 294 ridet
760 228 831 294 hoe
864 230 1018 314 inquam
1043 229 1159 295 Uenu

162 322 182 385 i.
205 341 230 383 r.
254 317 278 384 s.
301 319 342 384 N.
364 320 386 383 f.
409 324 447 383 et
470 315 503 383 d.
540 318 623 383 ridet
646 318 822 403 periurium
843 322 936 383 tuum
950 317 1069 403 Uenus,
1089 342 1151 403 qua

164 409 286 474 scilieet
308 408 491 474 amantibus
510 406 615 472 facilis
635 411 692 472 est.
763 407 803 472 13
826 407 955 472 rident
979 409 1158 491 simplices

162 497 372 581 Nymphae.
414 498 459 564 sie
477 496 557 560 illud
581 495 698 561 dicitur
722 495 794 560 Sed
816 496 955 562 faciles
979 495 1159 581 Nympha

136 589 283 656 arisere
299 587 451 651 sacello.
499 583 540 650 15
564 607 712 669 semper
731 583 904 650 ardentis
925 607 1065 650 acuens
1079 607 1152 650 sac

163 676 299 742 nimium
327 668 526 758 ἀμφίβολον.
577 677 686 739 utrum
710 674 797 740 enim
825 695 973 758 semper
1004 673 1155 739 ardenti

163 763 416 848 intellegendum
444 783 487 826 an
515 783 663 850 semper
691 763 858 828 acuens?
895 764 1038 849 eleganti
1069 769 1154 828 auten

121 905 127 912 .
164 852 372 935 conceptione
401 852 439 916 de
470 873 578 916 amore
606 851 723 916 dieitur
746 856 779 916 et
808 852 982 917 ardentis
1012 853 1159 938 sagitta

164 947 197 1005 et
233 963 380 1024 semper
416 962 556 1006 acuens
594 945 627 1005 et
663 943 824 1006 cruenta
860 944 954 1006 cote.
1036 943 1075 1007 18
1105 963 1167 1004 ne-

124 1031 312 1114 ropriorcs
358 1030 498 1114 impiae
542 1034 686 1094 tectum
731 1029 908 1095 dominae
953 1030 1163 1114 relinquun

165 1140 278 1203 saepe
306 1119 450 1184 minati.
507 1119 570 1184 hoo
594 1118 748 1203 ostendit,
771 1118 870 1183 etiam
892 1118 957 1184 illis
982 1119 1167 1184 amatoribu

164 1212 291 1293 gratam
323 1230 395 1272 eam
426 1230 509 1291 esse,
541 1208 658 1292 quibus
688 1207 788 1272 fuerit
814 1207 982 1274 iniuriosa.
1073 1209 1111 1272 21
1135 1213 1182 1286 tu¹

165 1297 244 1362 suis
267 1302 409 1361 matres
432 1300 608 1363 metuunt
630 1296 815 1362 iuuencis.
859 1297 990 1362 iuuenci
1015 1317 1090 1382 ergo
1110 1315 1169 1362 non

164 1390 293 1450 tantum
319 1388 421 1452 boues
449 1388 613 1469 dicuntur,
645 1383 701 1450 sed
725 1389 757 1449 et
779 1384 941 1469 homineS,
975 1386 1119 1470 quamuis
1139 1385 1183 1465 in:

125 1502 151 1542 15
165 1497 226 1540 usu
249 1475 305 1557 sit,
328 1479 455 1540 utnon
477 1475 540 1541 nisi
562 1497 620 1559 per
643 1473 898 1540 deminutionem
921 1475 1110 1540 iuuenculos
1130 1473 1168 1536 di·

164 1585 284 1628 camus.
364 1565 407 1628 23
431 1569 496 1629 tua
519 1585 564 1628 ne
587 1562 769 1628 retardet.
829 1563 949 1628 amoris
978 1586 1074 1648 aura,
1100 1581 1185 1646 quae}

165 1652 205 1716 ad
228 1656 261 1717 te
285 1673 339 1718 eos
362 1653 439 1736 fert3
464 1654 520 1718 sed
542 1653 652 1736 utique
676 1652 738 1717 hoc
760 1673 819 1736 per
842 1653 1035 1738 allegoriam
1059 1653 1169 1718 dicitur.

595 1845 667 1900 ODE
687 1851 713 1910 2,
731 1851 756 1898 9.

254 1953 339 2021 Non
363 1978 510 2041 semper
532 1955 671 2022 imbres
694 1953 772 2018 nli.
790 1954 810 2018 i.
846 1954 908 2018 hac
931 1948 1004 2042 ᾠδῇ
1029 1955 1173 2040 Ualgium

125 2071 152 2110 20
166 2044 366 2109 consularem
389 2046 528 2110 amicum
551 2067 645 2109 suum
668 2043 792 2107 solatur
814 2047 918 2107 morte
942 2044 1075 2110 delicati
1094 2043 1175 2128 pueri

166 2132 309 2216 grauiter
336 2134 507 2198 adfectum.
565 2154 642 2197 non
674 2152 823 2215 semper
859 2131 1003 2197 imbres
1034 2157 1070 2198 m
1103 2133 1132 2198 h.
1161 2133 1175 2193 i.

165 2218 199 2283 N
204 2225 250 2284 at.
287 2220 392 2285 latens
415 2243 526 2286 sensus
550 2222 584 2286 in
606 2221 668 2284 hae
682 2219 897 2302 eloquutione.
934 2221 1085 2308 intellegi
1098 2221 1176 2286 enim

165 2309 238 2372 uult
269 2329 328 2372 nec
361 2331 486 2394 semper
518 2311 628 2394 pluere
657 2329 716 2372 uec
749 2330 875 2393 semper
905 2330 1002 2394 agros
1032 2311 1174 2395 hispidos

166 2417 246 2480 esse,
268 2395 301 2460 id
325 2400 374 2461 est
396 2397 554 2482 horridos,
575 2420 633 2482 per
656 2396 741 2482 quod
765 2397 1018 2483 intellegendum
1044 2401 1175 2465 aduersa

124 2510 153 2552 25
166 2483 351 2552 hominibus
382 2509 449 2553 non
480 2509 575 2572 posse
608 2508 677 2552 esse
710 2486 865 2551 continua
902 2509 940 2552 ae
976 2489 1178 2573 sempiterna.

234 2577 256 2640 4
291 2597 359 2640 nec
387 2573 579 2641 Armeniis
606 2577 645 2641 in
672 2575 763 2658 oris,
797 2577 915 2640 amice
944 2575 1077 2662 Ualgi,
1104 2581 1179 2640 stat

164 2665 312 2750 'glacies
339 2664 453 2730 iners.
513 2670 546 2730 et
567 2665 621 2730 hic
645 2665 735 2730 etin
758 2664 911 2729 subiectis
935 2667 1085 2732 sensibus
1108 2687 1181 2730 non

167 2776 316 2838 semper
339 2777 377 2819 ex
401 2756 564 2839 superiore
578 2776 637 2837 per
651 2773 785 2838 zeugma
799 2753 1020 2837 accipiendum
1080 2756 1180 2820 6a11t

58 2845 70 2856 “
167 2843 414 2929 aquilonibus
443 2847 625 2929 querceta
652 2842 829 2926 Gargani.
884 2841 1054 2927 Garganus
1088 2865 1179 2908 mons

126 2937 217 2998 coest
238 2931 391 3017 Apuliae3
423 2937 606 3017 querceta
633 2936 740 2998 autem
769 2930 921 2996 dicuntur
947 2934 985 2996 ut
1013 2931 1128 3016 pineta
1152 2935 1182 2995 et

167 3022 277 3087 uineta
305 3043 324 3085 a
351 3023 476 3106 quernis
505 3022 627 3088 scilicet
654 3019 833 3086 arboribus.
916 3019 936 3084 9
964 3024 1005 3085 tu
1033 3041 1182 3105 semper

238 3204 256 3253 4
274 3197 358 3268 Verg.
377 3197 443 3252 Buc.
464 3203 489 3264 3,
509 3203 524 3250 9

238 3361 353 3413 2tuum
371 3373 433 3412 uos:
452 3373 534 3410 suum
554 3356 592 3410 M
644 3356 812 3411 audenter
826 3355 921 3428 nymfe
942 3355 980 3410 M
1036 3355 1186 3425 4nymfae

168 3429 207 3483 M
266 3430 434 3483 bacuentos
454 3426 493 3479 M
563 3426 729 3481 tnimirum
750 3426 844 3496 Pauly
908 3433 1025 3481 laeuos
1046 3428 1084 3481 M
1152 3433 1186 3479 16

168 3516 272 3569 quaeq3
294 3501 332 3554 M
401 3505 435 3552 26
454 3497 538 3566 uulgo
558 3496 596 3550 M
666 3503 699 3551 27
718 3514 774 3552 non
792 3513 855 3552 uos:
874 3514 940 3552 nam
959 3499 997 3552 M
1076 3505 1111 3553 28
1131 3513 1186 3567 per

169 3572 278 3627 cm.M
348 3567 546 3626 30utzdrM
608 3569 862 3624 31scnhctr8rM
