2378 3934
322 161 503 218 EPISTULA
521 163 542 232 1,
563 168 605 232 rr,
624 169 740 218 so—sc.
971 161 1036 226 291

1 383 2 392 ,
115 327 157 390 20
180 348 298 410 equos
321 331 362 390 at
383 349 439 390 me
466 328 597 410 portet
625 327 705 390 alat
726 348 801 391 rex.
845 327 923 391 hinc
955 347 1037 410 παρ-

34 417 118 497 οιμία
136 409 271 490 Ἵππος
297 437 343 498 με
366 412 491 500 φέρει,
513 410 701 496 βασιλεύς
723 438 769 498 με
790 412 935 500 τρέφει.
994 415 1036 479 21

34 503 203 568 ollicium
238 503 352 567 facio.
411 504 507 568 modo
539 503 677 568 honesto
709 503 791 567 dixit
823 504 908 587 quod
941 525 1038 587 supra

32 592 187 656 humiliter
210 613 372 656 scurror.
427 592 469 656 21
489 613 619 656 uerum
639 591 753 656 dante
772 592 904 657 minor.
938 614 1038 676 quan-

1 671 2 738 l
32 681 153 764 tumuis,
176 681 297 766 inquit,
325 680 411 764 quod
439 681 557 765 accipis
579 703 717 764 paruum
741 680 797 765 sit,
825 680 984 746 minorem
1005 686 1065 745 teu

1 779 2 860 1
33 769 103 833 facis
126 772 239 833 tamen
262 769 302 833 ab
327 791 375 854 co,
399 770 454 854 qui
475 770 536 833 tibi
556 769 703 854 porrigit.
740 770 826 853 quod
845 770 873 834 si
891 774 949 854 est,
971 791 1039 834 non

1 873 2 948 1
33 880 61 920 es
81 858 203 922 nullius
227 879 335 943 egens,
358 859 446 944 quod
467 859 536 941 ipse
560 858 599 921 de
621 860 654 922 te
677 858 788 924 iactas.
848 859 890 923 23
915 857 1037 923 omnis

1 951 2 1030 ᾗ
33 945 276 1030 Aristippum.
327 947 439 1011 dicunt
469 947 639 1012 Platonem
671 947 734 1012 hoc
767 949 810 1012 od
835 946 1039 1030 Aristippum

1 1045 2 1048 ’
33 1035 156 1120 dixisse,
184 1057 258 1100 cum
283 1034 377 1099 illurn
404 1034 599 1120 naufragum
628 1035 764 1100 uidisset
790 1035 825 1099 in
847 1036 976 1119 pannis,
998 1023 1040 1098 Ὦ

30 1117 220 1206 Ἀρίστιππε,
242 1120 351 1188 πάντα
374 1139 428 1188 σοι
450 1121 575 1208 πρέπει.
643 1124 687 1188 24
709 1124 983 1207 praesentibus
1006 1123 1039 1187 id
1054 1143 1079 1182 ιο

33 1197 88 1276 cst':
110 1213 224 1296 paruis
247 1234 285 1278 ac
308 1234 389 1296 quae
411 1215 542 1296 praesto
565 1233 634 1276 esse
655 1216 802 1297 possunt,
824 1222 895 1288 τοῖς
916 1213 1040 1296 παροῦ-

1 1379 2 1384 .
34 1317 89 1365 σιν.
142 1321 317 1387 aequum:
345 1302 571 1385 aequanimum
599 1304 632 1365 et
654 1300 840 1384 patientem.
908 1300 1039 1364 251111-

32 1390 117 1472 plici
146 1412 290 1474 panno:
318 1389 376 1454 uili
405 1394 509 1474 ueste,
532 1411 627 1474 quam
649 1389 823 1473 diploidem
847 1391 970 1452 ueteres
985 1389 1040 1453 ‚di-

33 1481 148 1544 rerunt.
213 1479 257 1544 25
280 1478 474 1562 patientia
496 1480 611 1543 uelat.
657 1479 936 1562 αἰνιγματοποιία.
996 1477 1039 1541 26

34 1567 195 1632 mirabor
222 1568 326 1632 uitae
354 1568 425 1632 uia.
471 1568 589 1632 mirum
617 1570 679 1651 est,
706 1567 826 1652 inquit,
854 1567 882 1630 si
914 1565 1039 1630 decebit
1053 1585 1079 1626 15

34 1655 178 1737 splendor
205 1656 370 1721 hominem
401 1655 570 1721 adsuetum
602 1655 739 1721 sordidis
772 1655 881 1740 rebus,
914 1677 951 1718 ac
982 1675 1040 1738 per

34 1743 97 1809 hoc:
123 1766 192 1810 non
216 1745 349 1810 decebit.
438 1745 480 1810 21
511 1745 611 1808 alter
632 1766 865 1828 purpureum
888 1765 964 1808 non
987 1765 1040 1807 ex.

1 1895 2 1902 ,
33 1833 77 1896 ille
95 1833 230 1918 scilicet,
253 1835 308 1920 qui
325 1836 495 1917 utrumque
517 1833 666 1897 habitum
689 1833 894 1897 consueuerit
916 1853 1041 1900 sumere

1 1943 2 1966 1
33 1925 63 1983 ut
83 1920 284 2006 Aristippus.
351 1922 395 1986 30
424 1923 524 1986 alter
551 1920 678 1986 Mileti
705 1924 850 1985 textam
878 1942 903 1986 c.
933 1943 963 2004 p.
986 1922 1041 2001 qai

1 2029 2 2036 ¹
32 2032 133 2091 panno
162 2010 283 2095 duplici
309 2010 444 2096 tegitur,
471 2012 508 2074 ut
531 2007 670 2096 Cynicus
699 2009 863 2094 Diogenes
891 2008 1081 2092 diploidem

1 2113 2 2162 ς
33 2098 153 2164 Mileti
175 2103 320 2164 textam
345 2121 369 2163 c.
393 2121 423 2182 p.
469 2098 581 2163 laneae
600 2101 708 2163 uestes
722 2097 866 2162 Milesiae
879 2097 1041 2182 pretiosae

35 2192 111 2252 sunt.
196 2189 239 2252 30
268 2208 360 2252 cane
388 2186 497 2271 peius
525 2191 562 2251 et
589 2208 713 2272 angue
740 2187 894 2252 uitabit.
938 2185 1041 2250 facete

1 2293 2 2330 ³
32 2276 153 2340 locutus
174 2279 225 2340 est
241 2277 277 2340 in
293 2275 465 2342 stultitiam
485 2275 636 2360 hominis,
660 2277 715 2360 qui
728 2276 904 2361 pretiosam
917 2279 1042 2340 uestem

1 2337 2 2414 l
32 2386 92 2429 non
115 2365 182 2429 iam
202 2365 364 2449 despicere
379 2365 435 2429 sed
447 2365 561 2429 timere
575 2365 732 2430 uideatur.
789 2365 830 2429 31
855 2365 1043 2429 morietur

31 2453 183 2538 frigore.
220 2453 375 2518 morietur
388 2454 470 2536 ideo,
488 2453 602 2538 inquit,
621 2455 697 2536 quio
715 2454 826 2518 uestiri
843 2454 908 2517 nisi
925 2454 1040 2517 misere
1055 2473 1081 2512 ss

33 2562 94 2606 non
112 2545 230 2626 potest.
286 2543 329 2607 32
351 2542 454 2606 refer
478 2545 515 2606 et
537 2542 620 2606 sine
642 2543 752 2606 uiuat
770 2543 828 2606 in.
848 2541 883 2605 in
899 2541 1042 2606 stultum.

1 2647 2 2722 ρ
31 2635 131 2694 toturn
158 2631 275 2714 facete,
325 2631 452 2695 namuis
481 2630 606 2694 dicatur
633 2651 700 2694 non
722 2629 784 2694 hoc
806 2629 887 2714 fingi
911 2629 952 2692 ab
975 2628 1043 2694 Ho-

1 2727 2 2762 ³
33 2718 124 2803 ratio,
157 2719 214 2793 sed
246 2739 320 2783 uere
348 2718 554 2803 Aristippum
581 2717 721 2803 Diogeni
754 2717 911 2782 subducto
943 2717 1042 2800 pallio

1 2799 2 2860 l
32 2808 234 2892 chlamydem
258 2808 466 2892 subposuisse
484 2829 688 2892 purpuream.
752 2807 794 2872 33
817 2828 877 2871 res
899 2819 1042 2891 'gerere

34 2895 131 2961 deest:
163 2918 309 2983 magnas.
369 2897 425 2966 sed
455 2897 517 2961 hoc
550 2897 696 2981 exemplo
729 2895 871 2960 ostendit
901 2917 982 2979 non,
1015 2895 1043 2960 si
1056 2914 1083 2955 co

33 2988 137 3049 tutum
161 2985 205 3050 sit
228 2986 399 3071 quiescere,
422 2985 540 3049 idcirco
564 2989 596 3048 et
619 2985 796 3070 gloriosum
818 2985 931 3069 uideri,
953 3007 1043 3068 prae-

33 3109 241 3119 ψ.

99 3165 248 3214 4uerrum
268 3161 306 3214 M
367 3163 533 3230 spartuum
554 3160 592 3213 M
653 3159 754 3214 cess&
771 3175 828 3212 non
847 3160 891 3212 est
909 3159 947 3212 M
1009 3165 1044 3215 10

34 3223 208 3285 ὰΡΙΕΤΠΙΠΕ
224 3232 262 3285 M
324 3237 356 3285 11
377 3247 409 3285 ac
424 3231 497 3299 quae
510 3247 574 3284 uos:
592 3245 682 3299 aeque
698 3231 735 3283 M
798 3235 830 3282 12
846 3227 1045 3297 aequanimum

35 3315 91 3354 nos:
111 3319 231 3371 aequam
250 3303 288 3356 M
359 3309 392 3355 13
411 3301 575 3372 duploidem
595 3303 633 3355 M
712 3307 746 3354 14
764 3295 1045 3360 ΕΝΙΓΜὸΤΟΠΟΙΕΙὸ

35 3372 68 3424 M
131 3380 164 3427 lo
183 3373 240 3428 fide
259 3374 371 3428 decebit
390 3373 428 3426 M
491 3373 673 3427 1rcx1leM
736 3378 768 3427 19
787 3371 910 3425 mrlleldn
927 3372 1043 3426 textam.

34 3459 58 3509 p.
78 3443 117 3496 M
186 3461 209 3499 c.
228 3461 269 3514 p.:
288 3444 362 3514 pM
431 3443 481 3513 qui
500 3443 599 3499 addidi
670 3448 704 3498 20
723 3459 846 3498 comicus
865 3442 992 3510 drogenrs
1008 3443 1047 3495 M

35 3519 65 3565 21
83 3515 190 3569 tactam
209 3515 233 3568 dr
249 3515 332 3570 lanea
351 3515 389 3568 M
459 3519 493 3568 25
511 3531 588 3568 more
608 3514 660 3568 deo
678 3515 771 3582 mqu1t
791 3514 835 3581 M,
861 3513 927 3580 quia
946 3513 1045 3567 addidi

102 3600 217 3640 mrscere
237 3587 276 3640 M
337 3592 371 3640 26
390 3586 462 3640 sine:
483 3603 506 3638 sr
526 3586 564 3637 M
630 3584 707 3638 stult.
729 3585 767 3636 M
833 3589 867 3639 28
887 3583 1001 3652 drugem
1020 3589 1045 3636 et

35 3654 200 3712 chlamidem
220 3657 258 3710 M
328 3663 361 3710 31
381 3655 545 3726 praesertim
564 3671 627 3709 uos:
645 3656 753 3722 pestem
774 3655 813 3706 M

773 3741 829 3794 19*
