2416 3934
170 98 213 162 74
466 145 468 152 ,
533 93 820 164 connectio.

169 283 287 347 equus
309 259 461 325 bicolor
479 257 648 323 maculis.
707 258 749 322 27
770 256 950 322 sedidem
968 259 1073 342 pacis
1092 281 1167 324 eras

168 350 394 433 mediusque
426 347 535 430 belli,
565 346 628 410 hoe
660 349 723 410 est:
754 349 824 418 tem
854 345 932 410 belli
963 368 1060 431 quam
1090 350 1167 430 pacis

167 443 292 524 potens.
352 437 394 502 29
417 439 454 500 te
477 435 578 500 uidit
600 435 735 500 insons
759 432 956 500 Cerberus,
996 457 1064 500 non
1087 435 1168 500 ‘scm-

168 549 227 614 per
252 524 387 611 insons',
415 524 472 590 sed
503 523 576 588 ‘tibi
602 521 727 588 insons'
755 523 790 587 id
815 526 876 587 est:
905 524 961 608 qui
982 524 1042 589 tibi
1063 545 1169 590 nocere

141 635 238 684 cnon
259 615 375 700 potuit.
465 613 509 678 30
531 633 647 678 aureo
677 633 797 677 cornu
818 611 1005 677 decorum.
1063 611 1169 679 Libero

167 706 253 792 patri
285 707 318 769 et
354 724 475 768 cornua
508 721 530 766 a
559 701 726 766 nonnullis
763 699 990 786 adsignentur,
1026 703 1171 786 quonian

168 795 290 861 scilicet
311 790 491 856 uinolentia
514 790 613 854 etiam
634 789 881 874 protoruitatem
897 792 930 854 et
943 791 1170 856 contumaciam

168 883 284 948 addere
308 881 404 964 solet,
433 901 515 964 quae
537 900 595 964 per
618 900 747 949 cornua¹
763 878 995 963 significentur.
1064 880 1107 944 30
1127 881 1170 944 le-

166 971 270 1036 niter
293 971 465 1034 atterens
489 966 655 1034 caudam.
711 967 866 1054 suauiter,
888 969 927 1031 ut
950 968 1058 1034 solent
1086 991 1169 1034 canes

127 1059 272 1126 sefacere
294 1057 434 1124 dominis
457 1056 670 1123 blandientes.
759 1125 767 1134 ,

581 1231 653 1286 ODE
672 1237 697 1299 2,
717 1238 760 1287 20.

255 1339 341 1407 Non
369 1343 518 1406 usitata
544 1363 613 1406 neo
640 1345 662 1405 t.
689 1341 711 1404 f.
733 1363 765 1425 p.
810 1340 936 1424 poetice
960 1340 1123 1426 significet
1143 1361 1170 1405 se

167 1433 202 1498 in
239 1431 334 1515 cycni
370 1431 508 1516 figuram
542 1431 757 1495 transiturum
794 1433 827 1492 et
862 1428 1032 1495 dulcedine
1069 1431 1172 1494 cantus

166 1524 273 1587 totum
300 1519 411 1584 orbem
442 1519 649 1603 inpleturum.
706 1539 784 1585 non
811 1518 959 1582 usitata
989 1523 1099 1584 autem
1120 1518 1171 1582 hoc

128 1634 154 1676 sa
168 1613 232 1674 est:
255 1629 324 1672 non
346 1608 488 1693 uulgari3
510 1629 570 1672 nec
593 1607 680 1673 enim
702 1607 851 1692 uulgaria
874 1607 994 1671 scribit.
1084 1607 1170 1670 2121-

167 1697 311 1762 formis.
370 1697 542 1762 biformem
572 1699 682 1762 autem
708 1698 819 1761 uatem
849 1716 883 1760 sc
912 1695 1004 1780 dicit,
1034 1696 1120 1779 quod
1145 1699 1171 1758 et

166 1786 267 1870 lyrica
282 1785 402 1850 scribat
416 1788 449 1850 et
461 1786 676 1851 hexametros.
734 1783 755 1848 5
778 1804 855 1848 non
878 1803 948 1869 ego
970 1805 1171 1870 pauperum

167 1873 326 1960 sangnis
363 1877 575 1958 parentum.
633 1874 696 1940 hoc
728 1875 790 1936 est:
826 1893 895 1937 non
927 1894 982 1938 ero
1017 1873 1172 1958 ignobilis,

167 1985 263 2048 quem
285 1963 408 2049 putatis
435 1962 612 2029 humilibus
635 1961 824 2048 parentibus
847 1964 970 2026 notum.
1056 1963 1083 2027 6
1106 1983 1171 2026 non

126 2073 388 2204 wegobqthidlhs
392 2073 516 2204 uocas1
531 2052 672 2204 dilecall
695 2049 1172 2204 Meecenatzssobibo.ltnegat

166 2162 279 2205 seor
393 2162 493 2217 ‚uo
565 2161 599 2204 er
671 2161 872 2204 eonamm
930 2160 948 2204 e
1005 2163 1050 2206 uu
1114 2161 1171 2204 car-

165 2227 256 2306 mina
278 2249 337 2292 aua
360 2163 486 2312 semiier
508 2163 663 2294 lldiitura.
689 2160 711 2224 g
752 2227 773 2292 9
800 2227 875 2292 iam
902 2161 983 2292 iasii
1005 2192 1171 2293 residunt

166 2315 342 2380 cruribus
371 2337 531 2401 asperae
559 2317 691 2400 pellc'a.
735 2317 802 2380 iam
825 2316 904 2381 dicit
931 2337 964 2381 se
986 2316 1022 2381 in
1044 2339 1172 2402 cycnum

165 2403 400 2488 transfigurari.
493 2405 533 2469 13
570 2406 645 2470 iam
675 2404 870 2470 Daedaleo
907 2405 1038 2470 notior
1070 2405 1170 2470 Icaro

125 2519 152 2560 ss
166 2493 288 2557 uisam
311 2495 501 2578 gementis
529 2494 649 2560 litora
675 2492 879 2578 Bosphori.
938 2493 990 2558 hic
1012 2493 1172 2582 {significet

166 2582 308 2647 carmina
332 2605 391 2647 sue
413 2583 455 2647 ad
477 2586 620 2647 extrema
642 2605 744 2668 usque
767 2583 855 2648 orbis
877 2586 1037 2648 terrarum
1059 2587 1091 2648 et
1109 2584 1172 2648 bar·

166 2673 262 2736 baras
295 2672 393 2736 etiam
430 2675 543 2758 gentes
579 2675 785 2756 peruentum..
844 2673 1034 2758 gementis
1071 2676 1171 2737 eutem

166 2760 360 2846 Bosphori
381 2760 444 2826 hoc
467 2764 530 2826 cst:
551 2760 783 2846 perstrepentis
805 2782 843 2824 ec
857 2761 1005 2826 sonantis
1018 2762 1171 2846 intellege.

256 2850 297 2914 16
320 2849 673 2934 Hyperboreosque
701 2871 867 2933 campos:
896 2849 952 2934 qui
974 2851 1061 2915 ultra
1082 2851 1171 2914 flatus

125 2965 152 3004 eo
166 2937 327 3020 aquilonis
355 2939 579 3022 septentrioni
606 2938 782 3004 subiacent.
853 2938 892 3002 17
918 2941 956 3003 et
979 2939 1043 3023 qui
1066 2938 1170 3003 dissi-

160 3027 285 3090 mulat
308 3029 448 3090 metum
470 3026 620 3092 Marsae
644 3026 834 3094 cohortis:
857 3026 1017 3092 Italorum
1039 3029 1170 3092 militum

164 3114 299 3268 till
314 3113 648 3270 liiiainimnilit
668 3120 757 3269 {ill
781 3116 895 3270 iulis
916 3113 1171 3270 lhlnlilll

236 3376 354 3431 ahben
372 3378 411 3431 M
487 3378 614 3432 ecauda
632 3379 671 3432 M
750 3384 783 3432 15
801 3395 859 3433 non
876 3379 1009 3450 uulgena
1027 3381 1066 3434 M
1141 3383 1168 3431 Π

166 3447 316 3501 examdaroa
337 3446 375 3500 M
461 3454 496 3501 20
515 3464 644 3520 mecenas
664 3449 702 3504 M
710 3477 714 3486 =
775 3455 808 3503 21
827 3465 921 3518 quog
1011 3451 1169 3506 24h10aro

166 3516 301 3570 ..htero
320 3517 359 3570 M
428 3523 462 3572 25
479 3517 526 3571 hic
544 3534 607 3572 uos:
624 3519 695 3576 haec
715 3520 760 3585 M,
777 3519 869 3587 hocg
939 3525 973 3577 28
992 3521 1046 3576 hoc
1064 3525 1105 3576 est
1122 3521 1169 3576 dcl.

166 3587 260 3658 Pauly
337 3593 370 3642 29
389 3587 625 3657 h1perboreosque
645 3591 683 3643 M
753 3596 786 3644 31
805 3607 897 3646 merse
916 3607 948 3646 eo
967 3592 1063 3648 hostes
1082 3593 1119 3646 M
