2378 3934
455 119 528 174 01111
549 120 600 190 111,
621 125 644 174 1.
892 185 895 190 ,
1012 120 1053 185 91

58 283 198 368 ignibus
221 283 292 348 uri.
336 281 415 346 tuis
443 283 616 368 ignibus:
649 281 766 367 quibus
789 286 825 348 tu
848 283 920 368 ipsa
942 285 1053 370 ureris,

58 374 84 436 id
104 375 158 456 est,
180 372 290 436 mariti
311 372 360 435 tui
384 393 502 436 amore.
562 372 604 436 12
625 375 794 456 temptat
817 372 922 436 mille
945 373 1054 439 uafer

57 461 172 526 modis.
210 460 301 526 uafer
328 460 463 526 nuntius
491 461 523 525 id
552 464 601 526 est
623 460 758 528 callidus
782 461 823 525 ad
846 460 1054 527 suadendum.

135 549 174 614 13
213 553 255 614 ut
283 549 464 614 Proetum
498 550 635 616 mulier
664 548 816 634 perfida
846 550 1052 616 credulum.

58 638 265 704 Stheneboian
297 639 458 724 significat
484 637 594 704 Proeti
625 661 772 722 uxorem,
805 660 886 723 quae
913 636 1082 706 Bellero-s

56 727 199 812 phontem
230 728 392 813 hospitem
420 728 542 793 amauit
570 732 603 793 et
624 750 693 795 non
715 729 972 793 consentientem
995 729 1057 794 sibi

56 818 225 882 adulterum
248 817 417 882 criminata
436 822 493 883 est.
568 819 609 882 16
633 820 824 882 maturare
848 837 977 882 necem
1000 839 1056 882 re·

55 907 134 971 fert:
156 905 251 986 refert
271 907 405 970 nuntius
430 907 551 972 seilicet
565 904 651 991 Gygi
673 905 853 990 historiam,
876 903 1056 989 011οΒ0110-

55 996 220 1080 rophontes
257 995 457 1081 periclitatus
493 995 687 1078 ostenditur,
724 993 809 1079 quod
841 995 990 1078 hospitae
1021 995 1057 1060 in

57 1106 153 1149 amore
176 1106 246 1150 non
269 1084 474 1169 consentiret,
497 1087 535 1147 ut
556 1105 614 1168 per
637 1085 818 1168 exemplum
840 1087 962 1150 terreat
976 1106 1058 1170 eum,
1071 1109 1098 1150 10

55 1196 89 1238 ne
113 1173 197 1238 idem
228 1177 260 1238 et
289 1174 358 1257 ipse
389 1173 542 1258 patiatur.
621 1174 661 1238 18
694 1171 937 1258 Magnessam
964 1172 1057 1258 Hip-

55 1264 204 1347 polyten
237 1262 322 1327 dum
357 1261 462 1348 fugit
498 1262 709 1327 abstinens
759 1262 840 1327 haec
877 1265 940 1345 est,
976 1283 1058 1345 quae

56 1356 146 1436 nupta
181 1351 281 1416 fuisse
312 1350 467 1437 Eurypyo
504 1352 652 1417 traditur.
748 1352 788 1415 19
826 1353 864 1415 01
899 1371 1058 1434 peceare

56 1441 221 1505 docentis
250 1441 372 1505 fallax
401 1441 590 1506 historias
618 1443 756 1506 monet.
802 1439 1058 1505 subaudiendum

57 1530 92 1593 ‘et
109 1529 210 1612 alias',
233 1530 308 1614 quia
332 1534 365 1594 et
386 1530 458 1615 hae,
481 1552 561 1614 quas
585 1551 681 1614 super
703 1528 824 1614 retulit,
848 1528 964 1594 docent
985 1549 1058 1612 pec·
1072 1552 1098 1596 rs

58 1641 125 1683 ears.
203 1619 246 1683 21
287 1621 459 1704 scopulis
493 1619 647 1685 surdior
678 1617 788 1683 Icari.
847 1617 949 1682 Icari
981 1638 1058 1682 scc-

57 1709 128 1791 puli
158 1730 219 1792 pro
250 1707 346 1772 Icarii
378 1709 476 1772 maris
507 1707 661 1793 scopulis,
694 1707 749 1772 sed
776 1706 837 1772 hos
860 1729 918 1791 pro
943 1706 1059 1791 quibus
1093 1732 1102 1739 ·

58 1797 124 1860 lihet
145 1797 266 1880 posuit.
326 1797 415 1862 surdi
438 1800 546 1862 autem
570 1797 694 1881 scopuli
716 1796 973 1881 periclitantibus
997 1794 1060 1860 dici

58 1887 164 1964 solent,
194 1885 281 1969 quod
309 1885 401 1970 quasi
430 1907 540 1970 preces
568 1907 679 1952 eorum
706 1907 775 1950 11011
802 1884 984 1949 exaudiant.

13 1989 14 2004 ³
57 1975 91 2038 25
130 1975 306 2059 quamuis
338 1995 417 2040 non
448 1976 550 2040 alius
582 1976 744 2040 flectere
773 1995 908 2057 equum
932 1973 1098 2038 sciensso

58 2067 82 2126 et
109 2064 244 2148 reliqua.
288 2067 404 2129 notum
440 2068 490 2128 est
520 2064 722 2129 iuuentutem
755 2063 937 2128 Romanam
975 2062 1060 2146 apud

56 2158 171 2218 ueteres
200 2155 233 2217 et
260 2153 469 2218 exercitatam
495 2153 530 2216 in
558 2175 671 2239 eampo
694 2152 814 2218 Martio
843 2155 875 2216 et
902 2151 1061 2235 posthoc

58 2242 235 2307 exercitium
266 2245 379 2306 natare
413 2242 542 2308 solitam
573 2242 674 2308 fuisse
706 2243 741 2307 in
771 2240 894 2324 Tiberi,
925 2241 1000 2324 quia
1029 2245 1062 2305 et

57 2332 161 2413 peritia
194 2330 296 2395 nandi
326 2331 422 2395 rebus
454 2331 648 2396 militaribus
679 2332 721 2396 sit
748 2330 938 2396 necessaria.
985 2329 1063 2395 dicit

59 2441 126 2506 ergo
149 2419 314 2504 Enipeum
336 2429 406 2485 11011
428 2419 543 2485 debere
566 2421 693 2506 puellae
716 2420 791 2485 huic
814 2420 955 2505 plaeere,
985 2419 1101 2484 1100111

58 2510 187 2592 gloriose
220 2509 255 2573 in
288 2509 438 2573 exercitio
476 2509 561 2574 inter
594 2509 743 2593 aequales
775 2512 930 2573 uersatur.
1021 2508 1063 2573 29

58 2599 170 2680 prima
192 2601 306 2664 nocte
331 2598 481 2663 domum
504 2597 639 2662 claude
666 2619 788 2682 neque
820 2598 860 2661 in
887 2597 970 2662 uias
994 2597 1064 2662 sub

59 2690 164 2752 cantu
188 2688 375 2771 querulae
399 2687 554 2770 despice
573 2686 705 2752 tibiae.
736 2687 829 2771 belle,
848 2687 940 2770 quasi
955 2683 1065 2769 Gyges

60 2777 235 2861 uespertino
263 2779 408 2860 tempore
437 2776 477 2840 ad
504 2777 682 2841 fenestram
710 2775 854 2840 Asteries
881 2774 1064 2841 tibicinium

61 2865 201 2930 adhibere
234 2865 351 2950 soleat,
382 2869 420 2930 ut
451 2865 507 2930 illa
540 2864 716 2949 eupiditate
749 2863 899 2930 audiendi
931 2883 990 2951 per
1018 2862 1103 2933 10-00

61 3043 264 3053 ——-.-..-.—

122 3149 198 3202 aid:
219 3149 255 3202 ad
275 3150 313 3202 M
383 3149 582 3205 bethenebran
602 3151 641 3204 M
701 3151 916 3207 bellerofontem
940 3152 979 3204 M
1047 3159 1063 3207 7

62 3217 87 3268 11
103 3219 297 3288 adulter-amq
386 3221 511 3275 8refert
538 3223 637 3277 addidi
735 3222 932 3278 bellerefontes
961 3223 1000 3277 M
1069 3245 1073 3254 ·
1170 3241 1171 3266 r

64 3293 90 3340 10
108 3305 229 3346 amorem
248 3292 286 3344 M
344 3293 554 3348 consentrretur.
586 3310 637 3362 per
655 3309 743 3349 exem.
765 3295 803 3347 M
865 3300 897 3347 11
916 3294 1064 3363 hyppohte

64 3361 251 3418 ..absumens
281 3363 319 3415 M
398 3370 431 3417 13
451 3364 632 3434 Eurypylcg
712 3372 746 3420 14
763 3366 903 3434 hystorias
922 3365 960 3418 M
1031 3371 1064 3419 15

64 3446 167 3502 suprag
240 3441 273 3487 17
287 3451 338 3504 pro
356 3433 454 3502 hrcaru
474 3435 511 3488 M
581 3436 747 3490 3111101111
765 3436 803 3489 M
874 3442 907 3490 26
926 3436 1064 3503 glonosae
1169 3435 1170 3438 ’

64 3505 238 3559 eluersaetur
258 3505 295 3558 M
372 3505 521 3574 satyrae
541 3507 579 3559 M
657 3507 731 3561 uelle
752 3507 790 3559 M
866 3511 900 3559 29
918 3507 1063 3571 temporae
1169 3537 1170 3566 1

66 3570 96 3623 Μ
176 3592 254 3645 giges
274 3577 312 3630 M
327 3575 449 3646 Enipeus
470 3576 572 3644 Porpb.
591 3578 707 3631 scribere
725 3578 817 3630 debuit
905 3572 1063 3626 trbrcrmum

66 3645 281 3700 cos:t1brcrnum
301 3647 344 3715 M,
363 3646 507 3701 tibicinem
527 3665 544 3714 ς
