2378 3934
318 125 470 182 EPODON
490 134 523 183 re
542 130 571 183 et
591 135 633 184 1⁷.
923 131 986 194 173

1 321 2 351 1
29 291 171 352 citatem
202 293 238 354 et
267 288 438 373 strepitum
466 311 568 374 aquae
597 293 765 357 currentis
856 293 900 359 50
928 317 985 358 re-

1 378 106 441 r'ne
144 381 268 442 tenta
300 399 393 463 grex
424 380 569 444 amicus
601 381 729 446 ubera.
785 382 866 446 bene
895 385 986 448 ami-

10 504 29 534 -.
82 468 148 532 uia
182 468 310 532 refert
340 467 555 552 praedixerat,
587 473 625 533 ut
656 474 771 555 sponte
801 471 912 536 uenire
945 472 986 536 ad

1 559 49 619 ol«
132 557 186 621 ibi
224 556 462 642 intellegamus.
553 557 596 622 53
627 559 817 644 pluraque
849 560 986 626 felices

175 825 328 888 elitum:
353 786 390 888 ut
411 845 471 890 nee
493 825 593 889 nimia
615 825 727 909 pluuia
745 825 880 892 humum
893 828 987 892 radat

198 912 328 978 siccitas
347 917 428 977 urat
483 914 524 979 57
548 936 626 980 non
648 913 721 979 hue
743 913 873 1001 Argoo
898 938 986 982 con·

1 1003 106 1066 dit*
143 1002 274 1086 emige
305 1001 421 1086 pinus
454 1024 575 1086 neque
608 1003 790 1088 inpudica
823 1003 987 1070 Colchis,

29 1115 45 1158 e
142 1091 314 1176 s1gn1fiea
318 1141 326 1174 ,
354 1113 435 1175 quae
458 1091 609 1157 Iasonem
631 1097 804 1176 prosecuta
832 1116 905 1159 cum
927 1093 987 1158 Ar·
1002 1118 1028 1157 ro

1 1203 59 1244 *nau
91 1204 110 1244 s
145 1180 338 1264 nauigauit3
367 1203 424 1265 per
451 1181 536 1264 quod
565 1181 726 1266 significat
711 1182 911 1248 tueneficia
942 1183 988 1248 ibi

1 1280 66 1334 ‘ota
92 1291 187 1334 esse.
250 1267 293 1333 59
316 1291 391 1334 non
413 1269 485 1334 hue
509 1269 660 1336 Sidonii
682 1275 884 1336 torserunt
907 1293 988 1336 eor-

14 1382 28 1420 r
50 1361 217 1423 nautae
240 1357 438 1424 laboriosa
465 1380 533 1424 nec
558 1360 695 1425 cohors
718 1359 856 1425 Ulixei.
915 1359 987 1424 sub-

1 1449 178 1513 liendum:
197 1445 228 1511 si
243 1447 329 1511 enim
343 1447 406 1512 huc
420 1449 594 1532 uenissent,
608 1450 733 1514 nollent
746 1449 903 1514 recedere.
930 1471 989 1533 per

8 1538 108 1602 lanios
143 1539 262 1600 autem
292 1534 449 1601 Cadmum
478 1535 663 1602 Thebarum
691 1538 891 1604 conditorem
918 1539 989 1602 uult
1004 1558 1030 1599 15

10 1627 115 1711 elegi.
168 1623 321 1689 Ulixei:
348 1626 443 1690 metri
471 1648 568 1692 eausa
592 1627 753 1711 separatio
776 1627 809 1691 id
833 1631 882 1691 est
904 1627 989 1691 diae-

1 1719 33 1778 ¹is
53 1718 158 1779 facta
184 1716 246 1796 est,
269 1717 305 1777 ut
323 1715 501 1779 materiai
524 1719 558 1780 et
579 1715 702 1801 pictai
726 1718 809 1780 solet
828 1716 904 1800 diei3
927 1716 990 1780 nisi

0 1827 38 1867 re
65 1805 122 1868 ita
154 1803 338 1868 declinauit
360 1807 398 1868 ut
421 1803 515 1868 ‘diei'.
574 1827 650 1870 nam
674 1808 846 1890 utrumque
869 1826 989 1870 nomen

1 1895 106 1958 demus
136 1891 304 1976 producta
327 1893 454 1976 syllaba
475 1893 650 1959 terminari.
686 1894 733 1958 ita
748 1896 781 1958 et
793 1894 890 1978 paulo
914 1898 989 1976 post

16 1983 136 2047 hil'lei
161 1980 258 2044 dixit.
341 1980 583 2067 631uppiler
610 1983 680 2048 illa
707 1983 792 2068 piae
822 1982 989 2047 secreuit
1004 2003 1029 2041 ao

1 2094 76 2138 :ora
102 2070 228 2157 genti
254 2070 318 2135 hoe
342 2074 406 2135 est:
430 2072 556 2137 adhoc
580 2073 730 2156 secreuit,
758 2075 794 2136 ut
816 2072 870 2155 pia
893 2075 989 2156 gente

4 2162 211 2226 hilarentur.
285 2159 329 2224 65
352 2182 511 2244 quorum
533 2161 609 2244 piis
633 2161 801 2226 secunda
823 2163 911 2225 uate
934 2183 989 2224 me

1 2260 69 2315 ‚tur
105 2250 228 2332 fuga:
267 2270 404 2333 quorum
436 2250 651 2335 saeculorum,
683 2250 805 2316 scilicet
836 2249 921 2314 aerei
953 2272 990 2313 ac

1 2342 69 2424 rei,
94 2339 189 2423 fuga
214 2337 307 2402 uobis
330 2337 394 2422 piis
418 2339 512 2403 datur
536 2361 555 2402 a
577 2361 629 2403 me
651 2343 736 2423 uate,
758 2339 792 2403 id
815 2342 873 2423 est,
896 2339 991 2402 datur

6 2431 49 2494 'ris
74 2426 229 2494 oonsilio
252 2448 335 2510 meo,
357 2430 394 2491 ut
417 2427 578 2514 effugiatis
601 2451 752 2512 pessuma
774 2428 910 2492 saecula.
1005 2447 1033 2488 aa

290 2601 440 2656 EPODON
459 2601 613 2658 OARMEN
634 2610 675 2658 17.

46 2713 140 2777 Iam
168 2711 247 2775 iam
274 2711 430 2776 efficaci
459 2713 503 2777 do
534 2736 668 2778 manus
702 2711 898 2778 scientiae.
957 2711 992 2774 in

2 2825 19 2866 e
52 2802 183 2885 ecloga
216 2800 354 2885 figurate
387 2821 459 2866 cum
490 2800 624 2867 Canidia
656 2802 734 2888 agit.
791 2823 868 2865 nam
901 2802 991 2885 quasi

1 2891 161 2973 salaciam,
176 2889 300 2953 lacerat
314 2911 385 2952 eam
400 2890 542 2976 eleganti
556 2890 749 2955 urbanitate.
786 2890 991 2956 scientiae:

35 3073 66 3191 lg
92 3063 236 3190 rpgtmffai
256 3063 405 3119 Lucretius
428 3081 483 3120 non
506 3083 562 3120 uno
590 3066 652 3120 loeo
679 3064 765 3137 dixit',
789 3065 882 3135 pictai
908 3065 992 3135 Uerg.

2 3157 29 3190 in·
68 3179 75 3202 ‚

35 3289 151 3406 lderffie
174 3278 439 3403 ΜηΉοκῖΜ
511 3285 549 3404 I}
558 3280 626 3348 quia
643 3295 707 3334 nos:
725 3298 784 3404 Ἢ
795 3279 832 3333 Μ
893 3277 993 3414 llibhi

2 3369 96 3478 ³:ala
126 3423 156 3488 1.,
184 3421 224 3476 Μ
276 3367 491 3476 mlidnidsdridrii
502 3357 650 3492 persecuti.
662 3368 726 3476 llll¹⁸
797 3428 827 3475 11
854 3365 994 3476 tirilian-

2 3498 104 3558 aeota
128 3465 168 3548 M
243 3497 276 3547 13
296 3491 394 3546 cohros
414 3493 452 3546 M
524 3500 556 3548 16
576 3495 710 3562 sepantro
731 3493 768 3544 Μ
840 3498 872 3547 19
892 3493 995 3546 sillaba

92 3572 133 3621 24
156 3583 220 3636 p1rs
239 3564 279 3618 M
362 3563 515 3618 assecula
534 3565 573 3618 M
656 3569 691 3618 28
711 3563 812 3633 egloga
832 3564 870 3616 M
958 3569 992 3616 29
1095 3582 1105 3590 ·

2 3639 81 3693 entra
101 3635 333 3693 abeneficrorum
354 3635 393 3690 M
