2416 3934
171 120 213 184 56
585 118 657 174 ons
675 119 708 188 u,
729 123 753 172 r.

171 283 327 348 decurrat.
381 281 484 366 fregi
508 285 615 346 autem
643 280 743 345 diem
772 279 902 344 uidetur
930 302 989 365 pro
1019 299 1065 363 eo,
1099 281 1178 365 quod

171 375 221 435 est
244 370 373 454 ‘diuisi'‚
396 371 522 454 dixisse,
544 374 581 434 ut
604 393 624 434 a
647 372 737 434 sexta
759 368 841 434 hora
865 367 1024 455 significet
1043 390 1077 433 se
1091 391 1179 453 saepe

171 461 327 545 epulatos.
366 481 468 525 mero
492 463 601 524 autem
625 458 691 523 siue
716 458 826 522 datiuo
850 479 926 523 casu
950 458 1018 522 siue
1043 458 1179 524 ablatiuo

172 549 310 634 accipias
316 600 325 634 ‚
354 549 489 614 habebit
521 569 612 613 suam
644 547 805 612 rationem
842 567 969 612 sensus:
1007 549 1064 610 aut
1100 548 1179 612 enim

145 637 241 702 s‘illa
268 660 302 702 re
330 637 414 724 fregi
441 635 538 701 diem'
565 641 622 701 aut
650 635 708 700 ‘illi
730 636 778 699 rei
800 635 905 720 fregi'.
973 636 1179 700 8maloba-

170 726 267 792 thro.
313 727 554 792 malobathrum
576 725 736 811 unguenti
758 725 898 808 speciem
921 743 990 789 esse
1014 725 1141 788 scimus.

172 816 191 878 9
217 817 281 896 [et]
305 818 428 879 tecum
451 815 663 899 Philippos.
722 812 864 898 Philippi
892 812 1047 897 oppidum
1075 816 1125 877 est
1150 813 1180 876 in

170 903 371 986 Macedonia,
384 904 442 968 ubi
455 903 585 968 Marcus
598 902 719 967 Brutus
732 903 836 986 periit.
894 903 933 966 11
954 923 1038 967 eum
1060 902 1191 970 fracta

171 993 306 1056 uirtus.
362 992 438 1076 quia
460 993 580 1056 uirtute
605 1012 638 1056 se
662 989 794 1057 Cassius
816 995 849 1055 et
871 989 992 1055 Brutus
1014 991 1183 1076 praecipue

132 1080 345 1145 roiactabant.
415 1082 455 1144 11
481 1085 517 1144 et
546 1081 714 1144 minaces
737 1084 849 1164 turpe
875 1080 996 1144 solum
1018 1080 1182 1165 tetigere

171 1173 308 1234 mento.
344 1172 457 1253 turpe
481 1170 603 1234 solum
627 1173 683 1233 aut
706 1189 818 1234 eruore
841 1168 1016 1252 foedatum,
1038 1172 1075 1233 ut
1102 1191 1192 1233 sau-¹

172 1257 287 1343 guine
315 1258 549 1342 foedantem,
577 1279 670 1342 quos
697 1258 780 1342 ipse
809 1261 1034 1322 sacrauerat
1062 1258 1184 1343 ignes,

136 1421 141 1428 ,
172 1352 229 1410 aut
251 1367 371 1412 nomen
394 1351 443 1411 est
465 1348 536 1412 loco
560 1347 706 1411 aduerbii
733 1347 891 1430 positum:
923 1351 1035 1431 turpe
1064 1347 1184 1412 solum

170 1436 338 1521 tetigere
370 1458 429 1519 pro
463 1436 612 1520 ‘turpiter
640 1434 796 1520 tetigere'.
881 1436 922 1500 13
951 1436 1015 1500 sed
1042 1455 1100 1500 me
1123 1455 1193 1518 per}

132 1525 298 1590 rahostis
331 1524 545 1590 Mercurius
582 1525 683 1590 celer
719 1524 835 1589 denso
872 1548 903 1608 p.
936 1547 959 1589 s.
997 1545 1025 1588 a.
1092 1546 1183 1608 saepe

174 1613 315 1678 ostendit
337 1611 505 1684 Horatius,
520 1613 556 1678 in
578 1614 725 1697 partibus
748 1613 848 1677 Bruti
872 1632 905 1678 se
929 1613 1096 1678 militasse.
1140 1614 1184 1677 iu-

171 1703 274 1766 cunde
307 1705 415 1766 autem
448 1724 467 1766 a
494 1702 653 1767 Mercurio
687 1723 720 1766 se
748 1701 912 1766 sublatum
939 1703 977 1766 de
1005 1702 1062 1766 illa
1092 1703 1185 1767 caede

171 1791 262 1874 dicit,
285 1789 471 1876 significans
496 1792 577 1856 clam
608 1794 641 1855 et
664 1793 756 1880 quasi
778 1790 866 1854 furto
890 1791 1031 1875 quodam
1055 1811 1092 1856 se.
1112 1791 1194 1855 inde

170 1879 300 1964 fugisse.
336 1902 395 1964 per
409 1881 543 1946 celerem
567 1899 644 1965 ergo
658 1880 853 1944 Mercurium
868 1880 1065 1944 celeritatem
1077 1880 1187 1966 fugae,

131 1993 156 2031 ro
169 1990 228 2052 per
258 1969 292 2032 id
324 1969 410 2053 quod
442 1971 489 2034 ait
520 1970 638 2034 denso
671 1991 756 2054 aare
789 1967 931 2034 latebras
958 1969 1061 2053 ipsius
1087 1969 1187 2054 fugae

170 2057 316 2141 intellegi
331 2081 374 2121 uu
386 2061 409 2122 t.
471 2058 512 2122 15
535 2064 572 2122 te
595 2081 727 2122 rursus
750 2059 789 2122 in
812 2058 955 2122 bellum
978 2058 1189 2122 resorbens

171 2145 272 2208 unda
303 2145 324 2208 f.
357 2151 380 2209 t.
408 2168 436 2210 a.
492 2147 682 2231 allegoricos
716 2146 877 2231 significat
898 2145 1089 2231 Pompeium
1113 2152 1190 2232 post

170 2231 283 2328 fugam
311 2232 401 2298 illam
430 2235 553 2318 impetu
584 2234 724 2318 quodem
755 2235 874 2300 mentis
906 2236 1026 2319 petisse
1058 2257 1191 2302 rursum

171 2325 280 2402 partes
307 2318 409 2386 Bruti.
486 2322 524 2386 17
555 2322 782 2408 obligatam:
810 2324 1039 2408 repromissam
1066 2347 1106 2391 ac
1136 2327 1189 2389 de-

132 2408 282 2473 orbitam.
342 2409 383 2472 21
409 2409 602 2476 obliuioso
626 2411 800 2478 Massico.
841 2412 982 2486 Massico
1005 2415 1083 2478 uino
1108 2415 1192 2478 obli-

171 2496 284 2562 uiones
309 2514 458 2562 curarum
473 2521 510 2564 ac
525 2500 778 2566 sollicitudinum
791 2501 930 2566 faciente
945 2503 998 2567 uel
1012 2502 1192 2566 adferente.

238 2587 281 2651 22
306 2586 455 2652 ciboria
477 2591 594 2674 exple.
633 2590 756 2669 ciboria
773 2591 903 2674 proprie
918 2595 995 2656 sunt
1007 2591 1086 2656 folia
1102 2593 1193 2656 colo-

173 2676 342 2760 casiorum,
364 2677 399 2742 in
423 2699 559 2761 quorum
583 2679 827 2744 similitudinem
841 2681 958 2764 pocula
971 2680 1061 2744 facta
1074 2681 1193 2746 eodem

171 2766 301 2830 nomine
334 2767 557 2851 appellantur.=
625 2769 668 2833 23
701 2769 786 2853 quis
818 2769 891 2834 udo
927 2769 1195 2854 deproperare

131 2882 158 2920 ³⁰
172 2853 920 3028 tells?⁰.thstauflus?
943 2857 1195 3012 tttttts

170 3075 383 3082 ——-—--.--——-

244 3140 276 3188 12
295 3133 379 3206 Verg.
397 3136 466 3192 Aen.
487 3143 511 3205 2,
531 3142 582 3193 502

243 3329 467 3385 tmalobatrum
486 3331 524 3385 M
609 3332 897 3458 lphrlnposMphrlrpr
917 3331 955 3387 M
1038 3334 1196 3389 8mache-

171 3399 256 3453 doma
276 3398 314 3453 M
383 3399 450 3456 frte
470 3401 508 3454 Μ
578 3410 610 3456 11
630 3407 674 3457 ut:
694 3407 744 3458 aut

173 3475 205 3522 16
225 3473 331 3524 oratrus
351 3469 389 3524 Μ
476 3471 558 3526 Bruti
576 3489 626 3529 om.
647 3475 685 3528 Μ
769 3479 803 3530 20
821 3491 873 3544 pro
891 3476 922 3529 rd
940 3475 980 3528 Μ
1063 3481 1098 3531 22
1118 3476 1195 3530 elle-

171 3539 276 3607 golrcos
296 3541 335 3594 Μ
432 3547 467 3595 26
485 3542 692 3599 soho1tudmum
712 3545 751 3600 Μ
856 3545 995 3602 adferent
1015 3545 1053 3600 Μ
1153 3554 1195 3602 22

170 3625 302 3680 proprrae
322 3612 361 3664 Μ
432 3618 466 3667 30
485 3615 567 3667 misto
588 3615 626 3668 M

873 3407 907 3458 15
926 3403 1023 3459 Marc:
1042 3423 1072 3459 m
1093 3407 1132 3459 M
