2378 3934
302 171 456 229 eunucu
476 173 700 232 suscensus.
945 180 1007 247 181

23 355 78 417 ergo
98 355 116 398 e
137 334 342 400 nominatiuo
366 336 483 419 plurali
513 339 605 404 uenit
626 341 755 426 generis
778 343 902 428 neutri,
925 346 1012 428 quod

23 429 56 486 est
77 419 215 487 ‘relictnt
297 423 341 490 49
366 446 538 512 quaeque
561 449 629 494 uos
652 429 777 496 bubus
800 437 1012 500 ueneratur

21 512 95 576 olbis
112 513 243 578 clerus
261 512 458 580 Anchisae
476 513 719 602 Uenerisque
742 521 913 607 sanguis.
948 522 1011 588 hoo

21 601 46 664 ul
64 598 229 666 Caesarem
252 601 440 688 Augustum
467 606 622 691 pertinet,
650 608 726 692 quin
748 608 833 675 Iulie
861 631 943 696 gens
966 611 1008 677 eb

22 689 79 773 lulo,
103 712 140 755 uc
168 712 228 775 per
254 691 331 778 hoc,
352 691 480 760 Uenere
504 699 536 760 et
549 695 693 762 Anchise
710 705 780 764 orto
801 700 1038 769 existimatum

67 779 102 843 51
127 779 303 846 bellante
326 783 433 866 prior
455 784 644 849 iacentem
666 787 766 852 lenis
789 788 830 853 in
850 789 1011 856 hostem.

21 870 49 932 sic
67 873 95 933 et
112 867 332 955 Uergilius:
355 869 517 938 Parcere
542 873 731 941 subiectis
754 879 793 942 et
815 877 1011 944 debellare

19 959 192 1042 superbos.
281 959 325 1024 53
353 961 427 1026 iem
454 963 550 1028 meri
579 967 764 1050 terreque
787 988 921 1033 munus
944 991 1010 1052 po·

19 1049 126 1113 tentis.
190 1048 447 1117 subaudiendum
483 1052 610 1139 utique:
646 1053 878 1121 Romanorum.
966 1056 1011 1122 55

19 1139 71 1200 iem
95 1136 264 1222 Scythae
293 1160 480 1224 response
506 1146 647 1227 petunt
687 1143 720 1208 id
748 1147 811 1230 est,
838 1149 1050 1230 expectante

19 1231 166 1311 praecepte
194 1226 425 1295 Romanorum.
471 1252 530 1316 per
557 1231 644 1316 quod
674 1232 835 1300 subiectos
859 1255 928 1300 esse
951 1233 1009 1298 im·

20 1316 85 1398 perio
106 1316 257 1382 Romano
280 1318 427 1405 intellegi
449 1320 529 1385 uult.
611 1321 655 1386 58
683 1324 721 1386 et
747 1324 929 1409 neglecto
952 1345 1009 1388 re-

20 1405 77 1469 dire
98 1406 227 1471 uirtus
251 1407 374 1473 audet.
432 1410 582 1495 neglecto
605 1410 769 1495 superiore
791 1414 937 1496 tempore
960 1433 1008 1475 re-

20 1493 65 1558 dire
86 1495 183 1560 audet
205 1517 293 1562 nunc
315 1497 349 1562 id
372 1501 423 1562 est
444 1499 646 1583 temporibus
668 1498 818 1586 Augusti.
877 1498 920 1564 59
944 1522 1008 1585 ap-

20 1588 180 1670 paretque
203 1585 318 1650 beatu
345 1587 460 1671 pleno
485 1585 605 1674 (lopio
633 1610 763 1654 cornu.
822 1589 1046 1676 quasicor·1s

20 1674 138 1754 perulem
152 1674 247 1739 deum
261 1674 314 1740 hic
330 1675 439 1760 accipe
453 1674 590 1762 Copiem
603 1678 715 1764 utique
733 1700 840 1743 rerum
864 1678 1009 1744 omnium

20 1763 237 1830 abunduntiam.
288 1764 591 1832 65siPelatinos
614 1767 723 1832 uidet
745 1789 888 1852 aequus
913 1789 1009 1832 aras.

20 1965 82 2113 [pise
119 1964 257 2097 sereni
299 1995 414 2098 niueo
451 1967 655 2099 condentigs
692 2034 824 2098 limine
860 2033 1049 2098 Phoebieo

20 2119 94 2184 lone
114 2122 364 2207 recognoscit
385 2123 626 2208 populorum.
703 2123 745 2188 67
779 2123 946 2188 alterum
968 2123 1009 2188 in

20 2207 156 2276 lustrum
193 2212 410 2298 meliusque
448 2234 596 2298 semper
635 2216 824 2299 proroget
864 2233 1009 2278 aeuum.

20 2319 106 2364 seusus
136 2305 200 2365 est:
234 2301 262 2365 si
289 2305 439 2386 acceptos
466 2323 539 2366 eres
566 2302 666 2367 habet
692 2301 827 2388 Apollo,
860 2323 941 2387 quae
974 2302 1010 2366 in

20 2385 118 2455 Palatio
146 2389 313 2455 dedicatae
341 2393 431 2475 sunt,
462 2391 489 2456 si
511 2392 672 2476 propitius
694 2389 861 2458 Romanos
885 2392 1010 2476 aspicit,

21 2477 108 2543 melius
130 2478 295 2544 soeculum
317 2481 353 2544 in
374 2481 521 2548 futurum
543 2480 676 2546 tribuat.
769 2481 811 2546 69
836 2501 1008 2572 quaeque
1022 2502 1050 2544 ss

6 2565 230 2654 Auentinum
248 2571 358 2634 tenet
371 2568 629 2656 Algidumque
653 2569 871 2654 quindecim
884 2567 1009 2632 Dione

6 2661 125 2735 {preces
142 2657 316 2723 uirorum
335 2662 445 2724 curat
463 2662 500 2723 et
520 2659 624 2726 uotis
642 2680 848 2743 puerorum
866 2657 1009 2722 emices

22 2745 166 2828 applicat
190 2768 310 2812 eures.
341 2747 396 2812 hio
410 2770 537 2834 quoque
552 2769 591 2812 ex
605 2749 770 2832 superiore
792 2768 850 2833 per
872 2765 1009 2830 zeugma

23 2835 151 2912 particule
175 2836 368 2901 arcessendo
391 2839 449 2921 est,
471 2840 510 2902 ut
532 2837 588 2902 sit:
613 2837 640 2903 si
662 2837 845 2922 quindecim
863 2835 1008 2900 uirorum

23 2941 102 3000 preces
116 2923 225 2990 Dione
243 2929 337 2990 curet
359 2929 392 2991 et
415 2926 443 2990 si
466 2927 587 2992 emicas
611 2948 704 2992 aures
728 2926 871 3011 opplioet
892 2945 1007 3009 puero·
1022 2945 1049 2988 eo

24 3027 69 3075 run
88 3014 183 3079 uotis.
228 3017 262 3079 et
285 3035 386 3099 aeque
409 3036 449 3080 ex
471 3016 636 3101 superiore
659 3018 693 3080 et
715 3016 756 3080 ud
774 3013 915 3080 Dianam
938 3035 1009 3098 per-

7 3141 9 3250 i

7 3253 9 3330 q
71 3229 83 3278 ⁷
100 3226 168 3281 Aen.
189 3232 213 3295 6,
233 3231 286 3280 853
361 3233 394 3282 19
413 3227 482 3283 Aen.
502 3233 527 3297 8,
547 3232 599 3282 720

72 3404 249 3474 lgeneneris
273 3404 312 3458 M
400 3401 592 3476 4uugueto'm
617 3405 656 3459 M
745 3405 843 3458 tortu
861 3401 960 3458 addidi
977 3417 1011 3456 eu

27 3471 67 3526 lor.
84 3477 126 3544 (y.)
181 3477 378 3533 existumentur
393 3477 432 3531 M
498 3482 533 3531 14
551 3476 656 3531 nudent
670 3475 709 3530 M
775 3481 809 3528 16
828 3489 954 3543 eccrpere
975 3472 1013 3525 M

73 3552 100 3600 17
117 3547 341 3603 habundantiam
362 3549 400 3602 M
474 3547 615 3617 pnlntrnes
635 3589 642 3603 .
662 3589 668 3602 .
688 3560 766 3600 eroes
786 3545 825 3599 M
894 3548 929 3597 24
946 3557 1010 3611 pro·

28 3617 84 3676 uuo
101 3618 136 3672 M
221 3623 255 3674 2¹1
275 3623 316 3674 et:
336 3637 351 3675 e
371 3619 410 3672 M
494 3624 528 3673 28
548 3618 705 3688 superiore:
725 3616 834 3670 addunt
853 3630 943 3668 sensu.
981 3615 1010 3665 at

29 3683 49 3746 cl·
62 3690 129 3744 cum
147 3691 186 3746 ad
203 3707 231 3746 u.
250 3696 284 3744 11
360 3695 395 3746 30
414 3690 520 3745 emices
539 3705 633 3744 aures:
653 3703 744 3742 emrca
762 3684 860 3740 leudes
880 3683 919 3734 M
