2426 3934
23 595 26 660 1

373 143 443 198 Ans
462 143 620 199 POETICA
639 151 734 199 9—24.
994 144 1059 208 345

59 309 205 390 oportere.
275 309 294 370 9
324 309 541 390 pictoribus
572 312 686 392 atque
713 307 840 391 poetis
870 307 1061 391 quidlibet

59 395 215 463 audendi
243 418 391 480 semper
421 397 500 464 fuit
531 419 653 481 aequa
684 400 867 480 potestas.
923 418 1067 482 sequens.

58 487 256 569 praeceptum
280 488 338 569 est,
364 508 476 552 omnes
499 487 628 570 quidem
652 487 764 571 poetas
787 489 982 570 potestatem
1004 485 1060 553 ha-

58 575 123 637 bere
154 573 300 660 fingendi
331 575 379 639 itu
410 578 447 640 ut
479 575 601 660 ediquid
631 575 767 660 faciant,
798 596 866 639 non
895 578 932 640 ut
959 575 1062 642 uelint

59 685 123 726 cum
149 663 264 730 auibus
293 669 458 748 serpentes
488 663 541 730 uel
568 687 641 729 cum
668 664 762 750 agnis
789 664 889 749 tigres
918 663 1087 749 iungere⁵

142 753 183 816 14
210 753 380 837 inceptis
409 754 594 838 grauibus
617 754 840 838 plerumque
863 756 900 818 et
922 775 1061 838 magna

58 841 248 924 professis.
275 843 508 928 plerumque.
534 843 667 908 tertium
681 837 867 908 καθολικόν
882 844 928 924 [et
940 863 1062 930 magna

58 929 217 1020 professis]
243 935 302 1015 est,
323 935 475 996 naturam
498 932 702 1017 quorundam
723 935 893 1014 poetarum
907 953 977 999 esse
990 953 1061 1018 pes-

59 1019 178 1105 simam,
211 1020 267 1105 qui
298 1019 458 1106 incipiant
489 1021 625 1108 grandia
658 1019 849 1104 describere,
882 1021 995 1086 deinde
1027 1022 1062 1086 in

58 1109 138 1174 locos
161 1131 348 1174 communes
371 1114 496 1196 exeant,
518 1111 574 1196 qui
595 1111 672 1176 licet
693 1109 772 1176 boni
793 1110 867 1194 sint,
890 1113 1000 1189 tamen
1020 1111 1102 1175 ri-10

59 1197 166 1264 dentur
194 1221 232 1263 ac
260 1200 451 1282 superuacui
477 1200 654 1284 habentur,
680 1198 743 1264 nisi
770 1198 842 1265 loco
865 1200 963 1285 positi
987 1200 1061 1264 sint.

140 1287 182 1352 15
209 1310 424 1372 purpureus
456 1289 534 1354 late
565 1289 628 1373 qui
661 1287 865 1374 splendeat
896 1310 993 1354 unus
1025 1293 1062 1354 et

59 1377 153 1442 alter
181 1376 358 1442 adsuitur
385 1400 545 1462 pannus.
594 1399 652 1464 per
678 1377 741 1442 hoc
764 1377 852 1442 locos
876 1397 1062 1442 communes

59 1465 222 1550 significat.
306 1467 346 1532 18
375 1469 441 1532 aut
467 1467 614 1532 flumen
641 1465 824 1531 Rhenum.
882 1487 949 1530 non
982 1466 1063 1532 dixit

59 1575 167 1639 genere
191 1556 369 1622 masculino
394 1554 562 1639 ‘Rhenus’,
585 1555 642 1622 sed
663 1558 779 1622 neutro
804 1553 878 1620 ‘hoc
891 1554 1062 1640 Rhenum',
1078 1572 1103 1612 1⁵

59 1643 129 1726 quia
150 1647 203 1709 est
226 1643 299 1710 ‘hoc
321 1643 463 1710 flumen’.
528 1645 568 1712 19
593 1649 629 1710 et
652 1645 819 1734 fortasse
843 1666 1063 1728 cupressum

58 1733 127 1798 scis
154 1734 347 1800 simulare.
395 1734 458 1799 hoc
485 1733 693 1819 prouerbium
720 1737 771 1799 est
800 1735 837 1800 in
868 1735 989 1802 malum
1015 1734 1062 1819 pi-

60 1825 185 1906 ctorem,
208 1824 262 1908 qui
280 1823 445 1890 nesciebat
463 1823 552 1888 aliud
569 1823 651 1888 bene
669 1825 805 1910 pingere
826 1845 924 1909 quam
937 1843 1063 1907 cupres-

58 1935 131 1976 sum
165 1911 207 1980 ab
230 1912 293 1978 hoc
316 1913 493 2000 naufragus
516 1913 647 2000 quidam
670 1913 773 1997 petiit,
796 1915 832 1976 ut
846 1933 955 1976 casum
969 1933 1063 1976 suum

57 2001 252 2086 exprimeret.
297 2003 350 2066 ille
374 2003 597 2088 interrogauit,
619 2024 698 2066 num
722 2024 760 2067 ex
787 2022 937 2086 cupresso
965 2000 1064 2064 uellet
1076 2016 1104 2055 ²0

57 2089 173 2176 aliquid
201 2091 291 2156 adici.
350 2092 436 2176 quod
462 2091 671 2178 prouerbium
700 2089 829 2155 Graecis
860 2090 895 2153 in
922 2110 983 2154 usu
1013 2093 1065 2154 cst

56 2177 115 2264 Μή
147 2203 184 2244 τι
216 2175 281 2244 καὶ
313 2183 561 2266 κυπαρίσσον
590 2178 738 2257 &disum
805 2179 847 2243 21
881 2178 1064 2262 amphora

56 2270 181 2355 coepit
212 2267 371 2335 institui
401 2273 578 2346 currente
605 2275 692 2335 rota
720 2291 785 2334 cur
811 2289 947 2332 urceus
976 2268 1063 2332 exit.

55 2357 111 2423 hoc
136 2357 228 2423 dicit:
256 2379 450 2441 quercuum
474 2359 571 2424 aliam
594 2359 763 2424 materiem
786 2357 965 2422 institueris
989 2359 1064 2425 scri-

55 2447 135 2532 bere,
158 2445 257 2512 aliam
279 2446 401 2512 efficis?
426 2470 488 2534 quc
511 2448 608 2513 modo
629 2446 781 2512 ridendus
796 2446 986 2533 estfigulus,
1009 2446 1064 2530 qui
1078 2461 1105 2502 2⁵
1196 2519 1197 2532 ἶ

55 2558 124 2600 cum
148 2534 360 2602 destinauerit
383 2537 573 2621 amphorem
596 2537 718 2622 fingere
737 2557 869 2601 urceum
892 2535 1021 2602 efficiet.
1196 2537 1197 2552 ¹

56 2625 96 2690 24
118 2625 284 2692 maxima
306 2649 395 2711 pars
418 2630 549 2692 uatum
571 2629 682 2710 pater
705 2629 742 2690 ct
768 2625 927 2689 iuuenes
955 2626 1064 2708 patre

56 2713 161 2798 digni
184 2714 404 2799 decipimur.
440 2715 502 2780 hoc
516 2716 581 2780 tale
594 2711 809 2801 παράγγελμα
828 2716 891 2778 est:
913 2734 1065 2796 erramus,

55 2803 166 2888 inquit,
190 2806 222 2868 et
245 2804 321 2869 dum
345 2826 500 2870 conamur
523 2827 634 2869 ueram
656 2804 811 2870 uirtutem
836 2802 935 2888 sequi,
957 2801 1066 2866 uicina

55 2891 173 2958 uirtute
199 2892 235 2956 in
263 2893 343 2958 uitia
374 2894 558 2978 incidimus,
590 2917 667 2958 nam
698 2893 840 2957 breuiter
872 2891 1066 2957 scribentem
1079 2907 1107 2948 20

57 2983 199 3066 sequitur
221 2981 410 3067 obscuritas,
431 2983 517 3048 leuia
540 2985 776 3068 conponentem
799 2981 892 3047 nerui
908 2979 1067 3064 inhibent,
1180 3034 1183 3043 .

124 3229 300 3298 lquodbhdr
318 3229 450 3284 audiendi
468 3231 507 3285 M
583 3235 717 3296 uaeques
737 3227 775 3280 M
855 3226 1067 3296 egrsmonbus
1178 3239 1179 3242 ’

56 3301 94 3354 M·
181 3301 333 3358 'ttercrum
353 3301 523 3356 KaOOarKos
543 3301 580 3354 M
584 3321 594 3365 ;
616 3315 686 3369 qaae
703 3303 862 3366 sequautur,
881 3297 969 3354 deleat
1041 3304 1066 3352 ,8

55 3375 154 3428 natura
173 3373 212 3426 M
288 3378 320 3427 10
339 3374 443 3426 exeunt
461 3373 500 3426 M
576 3377 609 3426 19
628 3371 701 3441 petit
720 3371 758 3423 M
837 3371 869 3423 ut
887 3385 982 3422 casum
1000 3384 1066 3422 uos:
1178 3379 1179 3400 ³

56 3442 400 3511 scutancfiadOd.
419 3449 446 3511 1,
465 3448 547 3509 5,12
651 3440 890 3510 eocypressom
991 3441 1067 3492 ΞΠ
1178 3457 1179 3506 j

55 3517 85 3580 ηξ
104 3516 240 3585 Kyprccom
263 3515 357 3569 ceso<
380 3515 429 3580 M,
454 3510 486 3568 ἐκ
510 3515 684 3583 κυπαρίσσου
708 3530 734 3581 ς,
758 3511 807 3566 καὶ
830 3511 1004 3576 κυπαρίσσον
1026 3510 1066 3565 Η.

54 3584 210 3709 {impleam
289 3585 388 3639 anfora
407 3586 445 3639 M
514 3591 549 3640 26
567 3585 703 3640 amforam
723 3583 762 3637 M
832 3588 866 3637 28
883 3581 1067 3648 Hapst'eaida

163 3662 197 3711 30
215 3656 351 3724 uirtutis
