2378 3934
386 141 537 199 EPODON
557 149 573 198 5
592 146 623 199 et
640 151 664 199 6.
975 143 1038 210 155

45 327 149 370 uenena
179 310 256 371 sunt
293 305 322 370 si
358 305 506 372 hostibus
539 306 669 390 dentur,
705 327 860 391 magnum
889 306 982 372 nefas
1010 309 1037 374 si

6 399 8 456 Ξ
44 394 144 482 amicis.
210 395 251 460 87
290 416 369 461 non
404 395 540 460 ualent
576 399 806 460 conuertere
835 394 1037 461 humanam

7 479 8 518 i
44 485 152 548 uicem.
197 504 312 564 sensus
336 487 399 549 est:
423 484 570 568 quamuis
594 505 720 548 uenena
743 485 881 550 multum
903 485 1037 570 possint,

7 611 8 614 =
43 593 95 636 non
121 576 231 636 tamen
260 573 373 637 ualent
404 573 520 637 merita
548 572 584 636 iu
614 573 812 638 contrarium
835 575 973 656 uertere,
1002 577 1038 638 ut

43 662 198 726 liberentur
229 683 351 746 poena,
384 661 439 746 qui
469 662 554 725 male
581 666 774 726 mereantur.
818 662 906 726 uices
929 665 1063 726 autems

43 751 227 834 appellantur
249 771 388 835 poenae,
425 750 565 834 quaein
588 750 754 816 scelerosis
778 749 925 814 admissis
948 771 1037 835 rege·

41 842 144 903 rantur.
214 839 256 904 89
287 838 383 903 diris
414 859 522 923 agam
554 861 633 904 uos.
679 838 779 924 dirae,
810 843 848 904 ut
871 839 945 924 dixi,
968 861 1038 904 exe·

41 929 181 993 crationes
215 927 369 992 dicuntur
401 949 438 992 ac
470 928 701 992 detestationes
734 949 831 994 saeua
858 928 1037 992 maledicta.

41 1038 130 1100 agam
158 1019 269 1081 autem
292 1037 379 1082 nunc
408 1015 613 1101 ‘persequar'
638 1016 808 1101 significat.
889 1016 930 1082 97
968 1038 1037 1081 uos

40 1105 135 1168 turba
168 1106 331 1170 uicatim
362 1105 452 1169 hinc
484 1109 522 1170 et
548 1105 639 1169 hinc
663 1107 766 1169 saxis
789 1108 925 1190 petens
949 1122 1077 1169 con-1⁰

39 1195 158 1258 tundet
181 1195 373 1259 obscenas
396 1215 500 1258 anus.
545 1194 720 1278 eleganter,
743 1195 817 1278 quia
841 1193 975 1258 insanos
989 1214 1038 1258 so-

39 1284 91 1346 lent
110 1283 255 1348 fustibus
277 1287 311 1348 et
332 1283 494 1367 lapidibus
516 1283 684 1366 insectari,
710 1286 747 1347 ut
769 1303 825 1346 eos
849 1303 868 1345 a
891 1281 1038 1348 domibus

40 1372 89 1435 suis
109 1371 237 1456 fugent.
321 1372 385 1437 100
421 1374 458 1436 et
488 1370 698 1456 Equilinae
735 1371 859 1435 alites.
905 1373 938 1434 et
961 1370 1038 1433 alibi

41 1482 115 1544 saepe
148 1460 307 1546 ostendit,
343 1461 378 1524 in
407 1459 540 1546 regione
571 1462 713 1545 aggeris,
754 1481 836 1545 quae
868 1461 918 1522 est
949 1461 1039 1522 extra

39 1554 146 1632 portam
179 1549 399 1633 Esquilinam,
441 1549 537 1614 solita
567 1548 667 1612 fuisse
696 1569 875 1633 pauperum
902 1567 1039 1630 corpora
1052 1563 1077 1604 1⁶

6 1663 8 1676 2
40 1639 76 1700 uel
95 1637 235 1703 conburi
257 1639 309 1702 uel
332 1637 443 1722 proici.
514 1637 575 1701 101
608 1657 731 1721 neque
758 1637 829 1702 hoc
855 1639 1037 1720 parentes

39 1725 93 1789 beu
126 1726 226 1790 mihi
263 1726 499 1810 superstites
536 1725 724 1809 effugerit
765 1723 1039 1809 spectaculum.

39 1815 279 1880 subaudiendum
302 1815 355 1879 hic
379 1815 576 1880 extrinsecus
614 1812 716 1880 ‘uos'.
762 1817 795 1877 et
827 1816 876 1877 est
903 1812 981 1877 ordo
1006 1815 1038 1876 et

5 1981 6 1984 Ἴ
39 1923 134 1968 ansus
157 1903 249 1968 talis:
285 1925 391 1990 neque
413 1902 476 1968 hoc
504 1903 724 1986 spectaculum
752 1901 901 1985 effugerit
922 1921 995 1983 uos,
1018 1922 1038 1965 o

5 2039 7 2066 ,
37 1996 171 2074 parentes
203 1992 286 2057 mihi
313 1991 511 2076 superstites.
557 1994 590 2055 et
620 1991 702 2055 bene
735 1989 892 2074 ἐμπαθῶς
923 1989 956 2052 id
988 1992 1078 2052 esta

5 2071 6 2116 ³
38 2079 168 2146 dolenter
201 2081 293 2146 iuxta
324 2083 498 2166 parentum
530 2080 868 2146 commemorationem
901 2077 1039 2161 gemitus

37 2169 162 2235 insertus
185 2173 251 2235 est:
273 2168 347 2236 heu

346 2359 497 2416 EPODON
516 2359 670 2416 CARMEN
691 2367 715 2415 6.

111 2470 214 2548 Quid
236 2471 473 2535 inmerentes
500 2470 678 2555 hospites
705 2490 821 2533 uexas
844 2468 961 2534 canis.
1005 2467 1040 2531 in

37 2558 84 2623 hac
106 2560 223 2645 ecloga
242 2559 434 2644 allegoricos
456 2558 584 2623 uidetur
607 2558 696 2642 loqui
720 2557 857 2641 adeum,
880 2557 944 2640 qui,
967 2577 1040 2621 cum
1053 2574 1080 2616 ss

37 2647 206 2714 dicacitatis
229 2647 444 2712 amaritudine
468 2650 644 2712 sectaretur
668 2647 793 2731 quietos
817 2645 961 2728 alioquin
982 2643 1040 2708 ho·

37 2737 137 2822 mines,
159 2738 196 2802 in
220 2759 258 2802 eo
278 2736 340 2802 sibi
359 2737 496 2822 gloriam
511 2736 699 2822 adsignant,
722 2735 807 2819 quod
829 2734 877 2797 illi
892 2731 1041 2797 cedentes

38 2825 59 2887 ei
71 2825 259 2891 uiderentur
276 2848 344 2891 non
359 2825 504 2890 sufficere
520 2825 722 2909 respondere.
795 2823 815 2888 6
840 2821 960 2887 amica
982 2821 1041 2886 uis

38 2915 263 2995 pastoribus.
309 2915 430 2979 amica
444 2937 532 2979 nunc
545 2936 605 2998 pro
620 2913 693 2978 utili
707 2913 831 2977 dicitur.
897 2911 914 2974 7
932 2929 1041 2996 agam

38 3023 92 3082 per
139 3005 242 3068 altas
289 3025 378 3068 aure
425 3003 580 3068 sublata
624 3003 734 3067 niues
782 3021 1081 3086 quaecumqueec

5 3123 6 3128 ¹
39 3125 242 3137 N-——n—-n

98 3185 114 3232 6
131 3179 295 3248 apellantur
313 3179 351 3232 M
439 3177 554 3232 admisu
574 3178 613 3230 M
701 3184 718 3232 8
737 3177 934 3230 dcestaaones
953 3173 992 3226 M

40 3253 65 3300 10
82 3249 237 3304 contimdat
256 3249 293 3303 M
374 3256 406 3303 11
426 3249 598 3319 elegantur.
619 3292 624 3302 .
645 3249 723 3302 olent
741 3248 779 3301 M
860 3251 891 3299 13
916 3244 1042 3315 escylenc

40 3317 70 3370 M
139 3326 170 3375 15
189 3322 286 3390 portas
305 3321 348 3375 est
366 3320 481 3391 cylynas
501 3319 540 3373 M
560 3319 595 3386 cf.
615 3320 652 3374 cd
670 3319 744 3388 Epo.
763 3323 808 3384 17,
827 3321 872 3372 58.
892 3321 988 3371 contra
1006 3317 1044 3372 aa

39 3388 88 3442 Sat.
106 3397 134 3457 1,
153 3397 224 3459 s,1.
291 3397 323 3446 18
342 3393 427 3447 uerbo
446 3390 669 3447 subaudiendum
688 3432 694 3444 .
715 3432 721 3444 .
741 3387 932 3458 spectaculum
951 3386 1044 3443 effunt

39 3475 80 3513 uos
96 3477 132 3516 m.
150 3469 174 3516 1.
194 3464 227 3516 ia
249 3463 307 3517 imo
324 3479 391 3542 pop.
416 3463 480 3518 cdd.
499 3463 611 3531 inipso
635 3462 762 3514 columna
788 3460 888 3528 tepitur
915 3458 1044 3525 effugent

40 3547 81 3585 uoe
99 3533 138 3587 M
207 3539 241 3588 20
261 3550 303 3588 en.
323 3529 379 3594 Δὸ.
399 3534 471 3591 oo(
491 3533 529 3586 Μ
590 3538 624 3586 22
642 3532 779 3585 msertum
799 3529 837 3582 M
893 3533 927 3582 25
942 3527 1004 3595 eglo

43 3599 72 3654 Μ
139 3610 171 3660 26
190 3604 374 3660 insectaretur
392 3623 411 3673 ς
483 3610 516 3658 27
531 3603 686 3672 ads1gnant
705 3603 752 3670 (nt
769 3601 801 3654 ia
819 3613 874 3653 ras.
893 3614 928 3651 m.
946 3600 988 3662 2.)
1006 3541 1045 3651 ff

102 3681 137 3731 28
154 3676 345 3746 respondendo
365 3693 382 3744 ς
