2378 3934
171 144 239 208 ‘280
480 146 660 202 EPISTULA
678 148 699 216 1,
720 153 762 216 ιι,
782 153 877 202 ι-ιι,

535 305 716 361 uersuum
737 313 761 375 1,
782 313 823 361 ιι.
1178 375 1179 390 .

260 414 469 481 Fructibus
488 416 686 501 Agrippae
706 414 857 481 Siculis.
889 417 931 480 ad
944 416 1076 499 Iccium,
1090 439 1172 500 quem

172 504 270 569 etiam
297 504 397 588 lyrico
426 505 567 570 carmine
594 505 834 570 inconstantiae
861 505 1084 589 reprehendit,
1110 507 1174 588 quia

170 615 228 676 per
256 594 426 658 auaritiam
455 593 681 676 philosophiae
715 593 857 659 studium
888 595 1005 659 militia
1035 595 1175 658 mutauit.

144 681 225 746 ⁵hic
252 685 361 747 autern
388 702 475 746 nunc
496 681 600 748 Iccius
628 686 819 765 procurator
841 683 1007 768 Agrippae
1035 685 1089 746 est
1110 705 1177 746 con-

173 771 315 854 stitutus,
338 770 390 834 eui
412 791 527 856 agrum
549 792 624 835 eum
643 772 891 836 commendauit.
955 772 976 836 5
1000 773 1031 836 si
1055 773 1175 836 uentri

170 859 282 923 bene:
310 859 338 922 si
364 864 494 942 praesto
518 860 608 924 cibus
637 865 670 924 et
691 861 790 944 potio.
836 861 965 925 lateri:
990 861 1018 925 si
1040 882 1112 926 non
1133 861 1175 923 de·

173 951 249 1011 sunt
273 948 430 1012 stramina
453 948 633 1014 dormienti.
672 950 876 1032 perlatusque:
900 949 1043 1014 sihabet
1060 971 1177 1033 equum,

172 1058 236 1119 quo
259 1035 404 1100 uehatur.
450 1040 483 1101 et
510 1041 560 1102 est
586 1038 772 1122 explanatio
797 1038 970 1123 superioris
995 1039 1176 1113 sententiae,

131 1141 234 1208 1⁰qua
257 1123 339 1188 dixit
363 1124 513 1211 Pauper
541 1127 641 1192 enim
667 1148 744 1192 non
772 1132 844 1209 est,
866 1127 926 1192 cui
948 1149 1077 1192 rerum
1102 1150 1176 1208 sup-

171 1213 271 1297 petit
298 1236 404 1298 usus,
430 1214 492 1280 hoc
520 1220 583 1280 est:
612 1217 664 1281 cui
690 1216 772 1282 nihil
800 1216 842 1280 ad
869 1217 971 1281 uitam
994 1217 1097 1280 deest.
1161 1217 1173 1276 i

171 1302 399 1368 abstemius:
423 1304 479 1388 qui
502 1304 656 1389 abstinet3
684 1327 728 1370 an
749 1309 787 1369 ut
809 1305 962 1390 quidam
983 1309 1107 1389 putant
1129 1305 1175 1365 abs

171 1396 306 1476 temeto,
333 1392 366 1456 id
394 1399 458 1456 est:
487 1393 589 1458 siccus
618 1415 656 1459 ac
684 1395 752 1460 sine
779 1395 858 1459 uino
887 1398 921 1459 et
947 1393 1099 1460 sobrius?
1162 1393 1180 1454 t

173 1481 226 1544 sic
258 1481 368 1546 uiues
400 1502 431 1564 p.
461 1485 503 1545 ut
532 1485 570 1546 te
603 1484 669 1564 [ut]
699 1505 724 1548 c.
752 1483 937 1567 liquidus:
971 1483 1056 1547 sicut
1087 1482 1177 1546 uiues.

132 1583 158 1624 1⁵
172 1571 301 1633 tanturn
322 1569 438 1634 frueris
462 1569 593 1655 diuitiis,
616 1574 773 1657 quantum
791 1571 890 1637 Mida.
947 1573 989 1637 10
1010 1571 1075 1636 uel
1099 1571 1176 1654 quis

171 1661 352 1722 naturam
374 1679 416 1722 m.
434 1681 510 1742 pn.
533 1659 596 1726 hoc
623 1664 686 1724 est:
710 1660 786 1744 quia
808 1659 911 1726 nihilo
934 1661 1042 1725 minus
1067 1681 1176 1724 auarus

172 1749 222 1809 est
236 1745 326 1810 diues
341 1768 438 1829 quam
460 1769 583 1832 pauper
605 1748 669 1814 fuit
690 1750 727 1832 is,
750 1750 805 1834 qui
828 1771 946 1815 auarus
969 1753 1069 1814 natus
1093 1753 1147 1812 est.

174 1836 213 1898 11
244 1835 305 1899 uel
333 1835 422 1919 quia
449 1858 474 1900 c.
502 1859 533 1922 p.
589 1838 857 1924 epitherapeusis,
889 1861 953 1923 qua
984 1838 1064 1903 dicit
1094 1839 1175 1901 illum

172 1923 424 2009 philosophandi
447 1926 554 1991 studio
578 1926 704 1991 sordide
733 1927 851 1992 uiuere.
935 1928 977 1991 12
1004 1927 1177 1992 miramur

131 2027 158 2066 20
174 2013 204 2076 si
227 2011 266 2077 D.
290 2036 322 2098 p.
345 2037 371 2078 e.
401 2037 430 2079 a.
464 2014 545 2080 ¹hoc
573 2036 669 2080 sensu
696 2015 787 2100 dicit,
814 2017 932 2081 mirum
962 2015 1175 2081 sublimiorum

172 2121 240 2165 rem
263 2103 407 2187 peiorem
434 2123 504 2167 esse
531 2103 666 2187 factam,
693 2103 769 2169 dum
796 2105 844 2169 illi
871 2104 1098 2188 philosophiae
1121 2115 1176 2166 sru-

173 2187 263 2276 dent,
291 2191 420 2275 quando
448 2190 552 2258 Iccius
580 2197 613 2256 et
639 2194 794 2276 pecuniae
818 2195 914 2258 simul
937 2193 1060 2258 seruiat
1082 2197 1113 2256 et
1136 2214 1175 2253 sa-

172 2277 322 2365 pientiae,
345 2301 408 2364 qua
431 2280 537 2346 ironia
558 2283 700 2347 ostendit
717 2304 786 2347 non
803 2303 898 2367 posse
917 2286 1090 2366 utrumque
1107 2281 1177 2343 fieu'.

173 2370 303 2431 constet
325 2372 433 2432 autem
456 2367 679 2435 Democritum
701 2371 788 2456 apud
802 2370 976 2436 Abderitas
999 2371 1087 2435 ciues
1110 2391 1176 2432 suos

132 2473 302 2520 ascensam
335 2456 452 2521 dixisse
485 2459 595 2523 amissi
625 2459 814 2544 patrimonii
850 2461 900 2524 sui
932 2463 965 2524 et
1000 2460 1175 2524 absolutum

171 2545 308 2630 prolatis
330 2545 431 2630 libris,
454 2568 535 2631 quos
559 2548 597 2612 de
626 2547 761 2633 physica
789 2549 927 2633 scripsit.
971 2545 1176 2614 Democriti

171 2657 288 2719 pecus
315 2634 395 2700 edit
422 2637 580 2722 agellos.
624 2636 687 2702 hoc
714 2641 777 2702 est:
810 2659 949 2721 pascuus
979 2639 1011 2701 et
1038 2637 1173 2702 desertus

172 2745 250 2810 eger
272 2723 451 2790 Democriti
477 2724 583 2790 factus
611 2728 670 2791 est.
763 2728 803 2792 16
837 2747 932 2811 quae
964 2747 1068 2791 mare
1096 2745 1176 2789 con·

171 2834 269 2896 peso.
293 2836 319 2880 c.
363 2815 426 2880 hae
449 2816 655 2901 quaestiones
683 2817 760 2881 sunt
782 2816 981 2900 pertinentes
1005 2815 1047 2879 ad
1076 2813 1175 2898 physi-

130 2917 244 2966 corum
270 2903 496 2990 philosophiae
529 2909 662 2988 partem.
755 2905 796 2969 19
828 2926 954 2969 rerum
982 2902 1175 2969 concordia

174 2989 332 3056 discors.
387 2993 556 3057 cacozelon
584 2993 708 3058 dicitur.
753 2991 863 3080 tangit
894 2997 1003 3060 autem
1034 2991 1173 3078 [partem]

173 3098 352 3164 conpagem
384 3101 491 3144 rerum
524 3101 563 3144 ex
595 3081 761 3146 elementis
800 3081 867 3148 IIII
902 3082 1040 3149 diuersis
1076 3081 1173 3163 aptam

245 3220 465 3276 ararumM·
512 3219 798 3290 3quia2quamM
886 3219 1083 3292 tmrhtrpM
1158 3221 1171 3267 6

172 3305 278 3412 agr-urla2
290 3309 369 3416 ιιιέιιιι
390 3309 416 3359 ς,
435 3289 611 3359 Grosphum?
684 3291 812 3374 'llatera
828 3291 866 3344 M
936 3285 1173 3412 8dormrentrfflll

175 3433 210 3479 16
228 3362 586 3484 smedssirhelefrlddhosfldli
648 3360 1169 3486 1itciuliillihhiiidiiiilldlmhllicensu

174 3495 213 3544 M
283 3495 478 3550 sublimiorum
496 3514 561 3553 noe:
579 3498 710 3554 subhmro
730 3502 769 3554 M
847 3507 881 3555 23
899 3494 1017 3558 rPcJNJd
1035 3501 1075 3554 M
1143 3501 1170 3549 ‘29

173 3560 359 3694 ῗὲἓξέιςΜ
463 3573 496 3620 31
525 3571 634 3637 partem
659 3571 769 3625 allatum
796 3588 830 3626 er
851 3571 1041 3642 ereperiorrtus
1063 3571 1171 3624 uidam:
