2426 3934
321 135 502 192 EPISTULA
520 137 554 204 11,
574 144 599 204 1,
619 144 768 194 roo-aia.
984 141 1049 206 343

52 302 175 366 dicimus
197 301 290 385 quasi
311 321 448 386 magnos
472 324 492 365 a
514 303 642 388 magnis
665 302 760 366 rebus
784 325 862 387 quas
886 310 998 389 agunt.

53 391 108 455 209
127 394 336 455 nocturnos
359 390 530 455 lemores.
562 391 694 458 umbras
708 395 866 477 uagantes
880 393 1049 458 hominum

9 491 11 550 ς
52 479 221 543 antediem
243 481 446 544 mortuorum
469 483 501 544 et
528 479 600 544 ideo
628 481 826 546 metuendas.
872 485 905 546 et
931 487 1050 567 putant

9 577 11 682 1
53 570 201 633 lemores
229 589 299 634 esse
327 567 431 634 dictos
458 568 550 652 quasi
577 567 732 634 Remulos
765 593 784 634 a
811 569 927 655 Remo,
959 572 1049 638 cuius

9 683 10 734 l
53 659 138 722 occisi
159 656 290 722 umbras
313 657 413 722 frater
435 657 593 722 Romulus
615 680 687 722 cuni
709 660 837 743 placare
860 661 967 744 uellet,
990 661 1076 726 Les

9 741 12 870 ,
52 747 143 810 muria
169 747 313 812 instituit
338 746 371 810 id
400 751 450 811 est
476 747 675 826 Parentalia,
708 770 789 832 quae
821 770 931 813 mense
961 747 1049 815 Maio

9 877 10 884 1
52 835 261 920 pertriduum
284 836 439 900 celebrari
462 837 569 901 solent
592 840 667 900 ante
690 836 836 902 additum
855 859 942 903 anno
961 860 1049 902 men·

53 947 108 989 sem
132 923 353 989 Februarium.
400 925 442 990 ob
470 947 567 1009 quani
594 947 663 989 rem
686 925 773 990 Maio
803 948 912 991 mense
936 928 1049 1012 religio

52 1019 92 1078 est
111 1014 242 1099 nubere,
263 1018 297 1079 et
318 1014 396 1078 item
419 1013 548 1098 Martio,
571 1015 606 1078 in
630 1037 694 1100 quo
717 1017 738 1096 †
759 1015 919 1100 deputetis
936 1016 1049 1082 habito

51 1102 236 1168 aMinerua
267 1101 355 1166 Mars
385 1103 490 1168 uictus
522 1107 585 1187 est,
622 1108 655 1168 et
691 1104 825 1169 obtenta
860 1105 1089 1189 uirginitatem

50 1191 187 1256 Minerua
222 1191 363 1257 Neriene
404 1196 454 1257 est
495 1194 666 1278 appellata.
756 1193 820 1257 209
866 1198 1051 1277 portenta

9 1343 11 1368 ἲ
54 1280 236 1346 Thessala.
295 1279 524 1346 Thessalorum
546 1282 777 1365 promissiones
800 1281 1049 1347 incantatorum.

9 1375 11 1438 l
51 1369 225 1454 dequibus
263 1370 310 1434 ait
344 1368 560 1456 Uergilius:
596 1370 700 1435 Haec
737 1393 775 1436 se
812 1372 1050 1436 carminibus

9 1439 11 1560 ³
52 1459 418 1634 111111οὲ111
443 1461 589 1632 usli
613 1459 717 1613 111
875 1464 1050 1613 asu
1066 1570 1091 1610 ,⁵

53 1637 148 1702 siluis
171 1637 332 1702 Moerim
355 1642 388 1702 et
410 1637 495 1722 quod
519 1638 673 1723 sequitur.
739 1637 805 1703 209
829 1638 944 1703 rides:
975 1659 1049 1702 con·

51 1727 162 1791 temnis.
246 1726 312 1792 210
339 1727 492 1791 natales
520 1730 628 1812 grate
654 1748 845 1810 numeras,
874 1727 960 1811 quod
982 1749 1050 1791 non

51 1814 159 1881 iaciunt
188 1816 324 1879 nimium
352 1815 458 1880 timidi
485 1817 659 1880 senectutis
682 1819 715 1880 et
737 1816 864 1898 mortis,
892 1837 989 1899 quam
1012 1837 1051 1879 eir

51 1905 200 1970 natalibus
224 1905 336 1969 multis
357 1905 423 1968 iarn
446 1905 573 1989 iamque
598 1906 778 1989 proximam
796 1905 1050 1988 perhorrescunt.

52 1993 103 2057 212
121 1993 214 2078 quid
231 1996 270 2059 te
289 1999 466 2077 exempta
483 1995 606 2059 iuuat:
621 1994 785 2080 allegoria.
820 1993 896 2078 quid
910 1993 1051 2077 prodest,
1065 2017 1091 2056 io

52 2081 150 2166 inquit,
173 2105 240 2148 uno
264 2104 302 2148 eo
324 2087 357 2150 te
380 2105 487 2147 carere
508 2082 589 2148 uitio
603 2104 625 2147 a
637 2086 706 2147 tam
720 2083 830 2147 multis
844 2082 1051 2166 possessum?

125 2172 192 2237 213
215 2172 347 2237 uiuere
370 2173 403 2236 si
425 2175 529 2237 recte
551 2173 687 2238 nescis.
734 2172 775 2236 da
797 2171 912 2255 locum,
934 2171 1050 2256 inquit,

50 2261 234 2344 melioribus,
257 2261 313 2346 qui
335 2261 444 2326 uiuere
467 2262 582 2345 sciunt,
604 2265 638 2326 et
660 2264 771 2346 patere
794 2260 920 2326 succedi
938 2260 1008 2325 tibi.

52 2349 106 2414 214
130 2350 267 2415 lusisti
294 2351 399 2416 satis.
453 2351 516 2415 hoc
543 2351 629 2434 apud
660 2350 872 2435 philosophos
904 2349 1051 2434 frequen·

50 2441 141 2504 tatum
174 2442 239 2523 est,
271 2439 310 2504 de
341 2441 411 2504 uita
440 2439 620 2524 sapientem
653 2439 740 2504 abire
772 2442 918 2524 oportere
948 2459 1050 2521 aequo
1065 2462 1091 2500 11

52 2529 156 2614 animo,
184 2532 223 2594 ut
249 2550 266 2593 e
296 2529 446 2595 conuiuio
469 2532 600 2612 pastum
632 2531 840 2612 saturumque
872 2527 1052 2591 conuiuam.

52 2619 77 2679 et
95 2617 261 2684 moraliter
282 2619 455 2703 repetitum
484 2618 594 2702 satis,
622 2617 707 2703 quod
731 2615 970 2682 acclamationis
995 2619 1052 2680 est.

127 2707 195 2772 215
217 2710 367 2791 tempus
395 2707 501 2772 abire
528 2706 610 2772 tibi.
656 2710 765 2771 utrum
788 2706 864 2791 quia
887 2705 964 2770 deus
987 2703 1053 2767 iani

53 2797 203 2880 tenocat,
227 2818 269 2860 an
292 2795 368 2882 quia
391 2796 446 2862 diu
469 2797 670 2880 multumque
692 2794 824 2860 uixisti?
861 2799 895 2858 et
916 2793 995 2857 mire
1018 2792 1053 2856 in

113 2972 581 3040 mmcmafflam

115 3131 130 3178 2
149 3127 312 3180 nocturnosr
331 3125 369 3178 M
447 3124 581 3178 Lemures
600 3141 618 3192 ς
636 3123 672 3190 cf.
692 3121 800 3176 Oloris.
814 3137 846 3189 p.
866 3125 913 3188 32,
932 3125 971 3174 23
990 3119 1055 3173 Ka'l

53 3195 202 3252 ctPlccr'di
218 3197 298 3266 ploos.
377 3195 501 3250 nimbras
520 3195 558 3248 M
636 3193 828 3260 4remules5
909 3190 1055 3260 oplacere

54 3291 85 3344 M
153 3294 317 3350 'liciebant
335 3311 353 3362 ς
370 3293 434 3360 fort.
453 3298 523 3348 recte
611 3293 678 3346 ante
696 3290 787 3344 adtito
806 3271 911 3361 marino
930 3303 1055 3342 mensem

55 3362 87 3415 M
162 3366 278 3420 sitem:
295 3381 336 3418 ire
357 3365 395 3418 M
464 3365 498 3418 de
517 3362 624 3434 nuptiis
641 3361 741 3416 habito
760 3359 949 3428 certamineg
1023 3366 1054 3413 12

54 3433 178 3490 thessalio
195 3451 388 3506 promissionis
408 3436 446 3489 M
530 3441 562 3489 13
581 3433 680 3503 uergit.
700 3433 739 3486 M
827 3437 860 3485 15
879 3430 1014 3485 &secund
1034 3449 1055 3484 s.

52 3521 159 3560 moerim
179 3509 216 3562 M
295 3513 330 3562 20
348 3509 439 3561 iuuat:
459 3507 490 3561 L.
511 3506 549 3560 M
622 3505 753 3572 alhgoria
773 3503 810 3555 M
887 3507 920 3554 21
940 3518 973 3555 eo
992 3517 1057 3554 uos:

53 3591 99 3645 ego
118 3579 155 3632 M
222 3583 256 3632 23
274 3581 372 3648 patere
392 3578 500 3649 Pauly:
518 3575 628 3632 succedi
646 3591 709 3629 iios:
727 3576 808 3642 patre
828 3571 952 3626 succedit
971 3572 1009 3624 M

53 3651 81 3700 21
100 3649 172 3719 apud
191 3650 367 3706 clamationis
387 3649 426 3703 M
