2426 3934
203 143 268 207 348
518 143 588 197 Ans
606 141 762 198 Polemon
783 148 895 198 sr-se.

201 307 237 371 in
269 327 367 372 mare.
411 305 495 372 hanc
523 326 601 391 ergo
631 305 794 392 significet
824 306 860 370 in
883 305 951 372 -bcc
981 304 1135 387 recidisse,
1158 323 1182 368 u

203 396 269 460 iam
296 399 412 460 aretur.
503 395 544 459 67
573 417 638 461 seu
666 417 819 460 cursum
845 394 1016 460 mutauit
1040 393 1193 486 iniquum¹

203 484 383 568 frugibus
406 485 528 552 amnis
552 485 687 550 doctus
710 485 786 550 iter
808 484 955 551 melius.
1000 482 1132 552 Tiberim
1150 485 1193 560 in-¹

202 573 403 658 tellegamus.
448 574 535 640 hunc
561 574 649 638 enim
671 573 819 658 Agrippa
842 572 1014 650 deriuauit,
1041 593 1102 656 qna
1120 594 1185 636 nuuc

176 660 307 745 suedit3
329 667 426 726 antea
448 684 506 746 per
527 660 704 736 Uelabrum
726 661 857 727 fluebat
932 662 974 726 ‘10
1002 661 1186 745 cadentque

204 773 299 835 quae
326 773 427 816 nunc
455 756 545 816 sunt
575 751 615 816 in
636 751 791 826 ,honore
823 751 1014 816 uocabula
1045 749 1077 814 si
1105 752 1187 814 uolet

204 861 294 904 usus
322 839 386 906 h'oc
412 843 476 906 est:
499 841 583 908 ratio
606 840 769 924 loquendi.
812 862 890 906 usus
914 839 998 910 nihil
1018 840 1102 909 enim
1122 840 1187 906 aliud

204 932 254 992 est
277 951 376 1013 quam
397 930 510 1014 regula
538 929 695 996 sermonis
722 928 839 995 Latini.
931 929 972 994 13
1001 949 1061 996 res
1083 933 1188 1013 gestae

204 1037 411 1104 regumque
434 1018 655 1103 ducumque.
690 1019 807 1103 incipit
828 1040 915 1084 nunc
937 1018 1030 1103 loqui
1052 1017 1090 1082 de
1111 1019 1188 1084 omui-

166 1131 191 1169 10
205 1107 265 1171 bus
288 1107 414 1192 metris,
441 1107 480 1171 de
511 1108 601 1192 epico
625 1108 766 1193 elegiaco
789 1130 827 1175 ac
849 1108 1040 1174 iambico.»
1068 1107 1107 1171 lh
1128 1129 1188 1170 uer-

205 1194 311 1264 sibus
334 1196 525 1280 inpariter
553 1198 696 1264 iunctis
719 1198 879 1282 elegiacis,
901 1197 1081 1281 inparibus.
1110 1199 1186 1277 [nam

203 1285 390 1351 hexametro
413 1287 499 1350 enim
521 1287 629 1370 priore
652 1288 798 1371 sequenti
815 1289 1021 1371 pentametro
1034 1286 1189 1350 scribuntur

204 1375 370 1439 clamores.
453 1375 494 1440 79
518 1374 793 1442 Archilochum
820 1375 982 1460 proprio
1006 1372 1129 1444 rabies
1146 1397 1188 1438 sr-

204 1463 326 1527 meuit
352 1464 488 1530 iambo.
511 1521 514 1532 .
536 1465 660 1547 primus
687 1463 902 1532 Archilochus
931 1465 1060 1533 iambos
1089 1463 1189 1546 scripsit

166 1578 191 1616 1⁵
205 1552 239 1614 in
256 1550 455 1636 Lycambam
478 1575 624 1617 socerum
649 1575 838 1638 suumque
861 1553 958 1623 modo
982 1553 1152 1624 comoediae
1170 1571 1189 1614 er

205 1641 389 1725 tragoediae
413 1646 578 1724 ornantur,
601 1643 657 1726 qui
674 1663 732 1725 pes
746 1643 902 1709 iambicus
916 1643 1106 1728 appellatur.
1133 1663 1189 1706 nen

203 1729 265 1795 hoc
297 1729 397 1794 distet
427 1731 584 1796 iambicus
605 1731 725 1796 iambo
759 1731 975 1816 [peribus-d.
1010 1735 1061 1797 est
1090 1733 1191 1808 metrol

204 1817 291 1904 quod
314 1841 353 1884 ex
374 1818 491 1888 iambis
515 1822 642 1886 constat
664 1823 697 1884 et
719 1821 803 1886 male
823 1820 916 1886 dictis
931 1825 1083 1904 armatur,
1103 1821 1190 1886 iambi-

204 1929 260 1972 cus
284 1912 392 1973 autem
415 1912 519 1974 metro
538 1908 642 1994 magis
657 1931 754 1993 quem
767 1910 893 1976 ratione
908 1911 1025 1976 similis
1039 1913 1088 1976 est
1099 1909 1190 1976 iambo.

164 2024 190 2063 sc
294 1998 335 2063 81
365 1999 529 2064 alternis
558 2001 688 2082 aptum
715 2000 967 2067 sermonibus.
1018 1998 1105 2066 nihil
1126 1999 1189 2064 enin

204 2089 302 2169 poeta
327 2088 362 2151 in
390 2088 558 2172 tragoedia
586 2087 664 2155 dicit
685 2088 743 2152 ¹sed
765 2088 874 2172 plures
896 2110 1093 2172 personae..·
1107 2088 1190 2169 itaque

204 2174 370 2239 heroicum
393 2177 476 2242 solet
499 2177 577 2257 [res]
601 2177 729 2261 referre,
752 2177 828 2261 quid
851 2181 957 2244 actum
977 2179 1031 2263 sit,
1052 2175 1190 2261 tragoedis

204 2261 282 2346 agit.
372 2264 413 2329 81
451 2268 488 2328 et
523 2267 724 2350 popularis
756 2267 985 2334 uincentem·
1014 2265 1195 2352 strepitus:¹

203 2351 309 2436 ipsum
329 2351 425 2418 altius
443 2352 478 2418 in
502 2375 619 2418 scaena
642 2359 814 2422 sonantem
836 2377 934 2440 quam
956 2357 1071 2442 populi
1090 2355 1195 2419 clamorr

163 2444 262 2507 esest.
352 2442 394 2507 83
422 2441 532 2508 Musa
559 2443 665 2508 dedit
692 2444 839 2520 fidibus
867 2445 977 2510 diuos
1000 2463 1190 2530 puerosque

203 2530 366 2596 deorum.
403 2553 490 2598 nunc
513 2532 551 2598 de
574 2533 674 2617 lyrico
697 2534 839 2598 carmine
857 2535 1009 2618 loquitur,
1033 2537 1190 2621 quometro

204 2621 351 2686 scribunt
385 2625 443 2688 aut
484 2622 618 2688 heroum
659 2622 770 2689 laudes
811 2626 869 2688 aut
908 2622 1190 2709 Olympionicarum.

202 2731 320 2792 pueros
343 2713 452 2776 autem
475 2711 607 2776 deorum
629 2711 851 2778 heroas‘dicit.
910 2713 953 2780 85
976 2718 1014 2778 et
1036 2715 1188 2778 iuuenum

204 2818 316 2864 curas
338 2798 401 2864 hoc
424 2804 486 2865 est:
510 2822 650 2884 amores3
675 2823 756 2884 quos
779 2801 872 2884 lyrici
888 2802 1060 2868 celebrant.
1090 2801 1189 2865 libers

163 2913 189 2951 sc
204 2887 295 2952 uina
316 2887 471 2953 referre.
518 2889 625 2973 qualia
648 2893 726 2954 sunt
747 2889 963 2956 Anacreontis
987 2891 1153 2956 carmina.

204 2975 246 3040 86
271 2976 501 3062 [descripta]
525 2978 743 3064 descriptas
767 3001 921 3046 seruare
944 2981 1049 3050 uices
1069 2979 1126 3044 hoc
1141 2981 1188 3039 est:

203 3063 349 3130 ordinem
376 3066 518 3150 positum
546 3089 603 3152 per
631 3068 752 3152 speeies
779 3069 961 3155 signorum,
989 3091 1084 3154 quare
1111 3067 1187 3151 poete

274 3222 447 3278 obelafrum
467 3225 506 3278 M
593 3233 627 3280 10
646 3227 738 3309 elegio
758 3227 797 3280 M
885 3233 916 3280 11
937 3227 1074 3298 elegiacos
1091 3225 1131 3290 M,
1146 3221 1187 3274 ele·

202 3292 298 3360 giacos
316 3309 413 3348 uersus
431 3294 508 3349 dicit.
536 3296 685 3366 inpariter:
698 3297 854 3367 mparibus;
869 3313 935 3352 nam
950 3315 968 3366 ς
1030 3305 1062 3352 11
1075 3292 1186 3352 examdru

203 3379 277 3415 emm
295 3380 371 3435 emm
390 3365 428 3418 Μ
503 3372 536 3420 13
554 3367 753 3423 archolochum
772 3385 900 3438 proprior
918 3369 995 3424 abeis
1014 3369 1052 3423 Μ
1112 3371 1140 3418 15
1156 3377 1185 3415 so-

201 3445 309 3486 cerum:
332 3450 465 3501 generum
486 3437 523 3488 M
540 3454 597 3504 quo
614 3441 722 3494 metro?
782 3445 814 3492 18
834 3440 908 3508 quod
925 3440 1035 3496 iambus
1052 3455 1118 3506 εις
1162 3440 1183 3484 21

201 3499 281 3569 degit
299 3503 337 3554 M
388 3509 422 3556 11
440 3521 485 3558 res
503 3507 592 3561 deleted
624 3510 681 3562 acti
701 3511 738 3563 M
786 3517 821 3564 11
839 3511 955 3566 sonante
976 3511 1014 3565 M
1059 3517 1091 3564 16
1108 3524 1149 3577 qur
1162 3503 1186 3555 M

273 3575 306 3623 27
325 3571 567 3640 olimpronrcerum
586 3577 624 3630 M
684 3586 716 3634 31
738 3597 884 3636 seruauere
903 3582 942 3635 M
1003 3571 1188 3651 serpensii!

273 3655 359 3704 quare
378 3665 412 3686 =
431 3646 547 3710 propter
565 3662 637 3714 quae
658 3649 757 3718 signa?
