2416 3934
146 163 186 218 vr
247 177 251 184 ·
544 144 762 219 samsima.

146 326 409 391 exeuntc‘medio
434 348 515 391 aeuo
540 326 651 410 scripti
678 325 833 390 exhibent
854 327 997 411 exceptis
1021 327 1155 394 scriben-

145 416 228 480 tium
260 415 423 480 erroribus
459 437 560 479 unum
596 417 692 499 atque
727 415 812 479 idem
850 437 967 499 corpus
1001 438 1157 482 commen-

143 504 311 569 tariorum.
362 504 417 588 qui
446 525 519 568 cum
546 504 631 568 inter
658 525 693 568 se
716 504 839 587 optime
862 506 1067 570 consentiunt
1088 509 1157 570 tum

145 594 342 659 conueniunt
361 592 549 677 disciplinae
569 614 606 658 ac
620 591 787 657 doctrinae
801 591 1047 679 Porphyrionis,
1069 595 1155 660 cuius

145 703 264 747 nomen
292 681 456 747 codicibus
483 682 678 765 inscriptum
700 683 763 766 est,
791 681 847 766 qui
870 685 946 747 ante
969 682 1067 748 finem
1090 707 1156 749 sae·

145 770 212 836 culi
235 770 342 854 quarti
364 793 396 855 p.
420 768 477 836 Oh.
500 771 575 836 illos
599 770 778 853 conposuit.
811 767 865 857 (cf.
884 771 1023 836 indicem
1042 771 1155 838 hodie.

144 859 340 945 hodieque.)
384 882 461 924 nam
497 863 530 924 et
561 859 760 924 elocutiones
792 863 825 924 et
856 881 970 925 sensus
1001 883 1157 927 memora-

144 948 226 1012 biles
249 948 302 1012 uel
325 947 473 1014 difficiles
495 949 697 1014 demonstrat
715 951 811 1032 atque
825 949 964 1034 expedit,
986 971 1053 1016 non
1065 972 1155 1015 num-

145 1058 242 1121 quam
270 1038 431 1122 quomodo
454 1036 612 1103 Horatius
644 1038 820 1102 sententias
849 1039 991 1103 iunxerit
1020 1039 1158 1123 explicat

146 1129 202 1190 aut
224 1148 277 1191 res
301 1129 334 1190 et
355 1148 512 1210 personas
535 1128 661 1211 narrat,
686 1127 726 1191 ad
749 1149 829 1210 quas
842 1127 944 1192 uerba
957 1132 1074 1210 poetae
1087 1151 1158 1213 per-

143 1216 263 1280 tinent:
294 1216 390 1282 nixus
427 1216 544 1301 ubique
581 1216 721 1280 maxime
758 1219 829 1280 arte
864 1216 1027 1282 rhetorica
1063 1221 1158 1302 atque

146 1304 369 1389 grammatica.
402 1307 499 1390 atque
513 1305 593 1370 adeo
608 1305 817 1371 recitantium
839 1327 934 1369 usum
957 1327 1030 1370 eum
1052 1328 1160 1391 respe-

141 1393 231 1458 xisse
267 1397 404 1477 apparet
435 1416 475 1458 ex
502 1394 725 1478 frequentibus
757 1393 977 1459 locutionibus
1009 1393 1161 1479 ‘pronun-

141 1481 292 1552 tiandum
314 1482 377 1547 est'
400 1485 459 1546 eto.
504 1487 618 1548 contra
641 1486 746 1547 artem
769 1483 916 1548 criticam
939 1481 992 1569 (of.
1015 1483 1078 1547 ind.
1103 1485 1161 1548 ‘le-

143 1568 259 1656 gitur')
293 1573 326 1634 et
354 1571 557 1654 superiorum
585 1575 877 1638 commentatorum
909 1571 1075 1655 opiniones
1103 1594 1158 1637 ne-

144 1658 260 1744 glegit3
292 1681 370 1724 nam
403 1657 558 1725 Scaurum
591 1663 624 1724 et
655 1660 830 1725 Helenium
861 1659 1023 1726 Aaronem
1059 1663 1161 1725 semel

141 1749 304 1832 nominat,
341 1747 480 1814 aliorum
514 1749 671 1833 quasdam
708 1751 875 1834 opiniones
911 1749 1013 1815 tradit
1049 1749 1159 1814 dicens

143 1836 226 1920 ³alii,
253 1858 321 1902 non
346 1838 442 1923 nulli,
470 1838 613 1922 quidam,
640 1840 696 1923 qui
725 1839 764 1903 de
791 1839 938 1923 personis
964 1837 1159 1903 Horatianis

143 1927 357 2013 scripserunt,
389 1927 532 2012 putant'3
563 1927 707 1992 dubitari
740 1929 826 1993 enim
856 1931 966 2012 potest
1001 1927 1039 1992 de
1076 1927 1161 1992 locis

144 2038 225 2100 quos
241 2016 282 2080 ad
304 2018 406 2082 uerba
429 2017 568 2103 dicitur,
590 2017 703 2101 fertur,
724 2017 876 2082 traditur'
898 2015 1048 2081 indicaui.
1081 2038 1162 2102 ergo

144 2105 174 2170 si
210 2105 326 2189 quibus
363 2107 514 2171 uideatur
550 2106 702 2189 scriptori
741 2106 913 2173 mediocris
955 2106 1161 2170 auctoritatis
1206 2143 1207 2148 κ

142 2193 240 2258 nimis
262 2192 384 2258 fauisse
411 2194 571 2260 Henricus
600 2193 785 2278 Stephanus
820 2193 883 2283 (ed.
905 2193 987 2260 Hor.
1011 2215 1038 2258 a.
1063 2193 1162 2258 1588.

144 2304 176 2366 p.
202 2280 400 2369 151—168),
423 2284 479 2367 qui
503 2283 635 2368 ‘quanto
652 2281 770 2368 magis'
789 2284 896 2368 inquit
913 2281 1163 2366 ‘Porphyrionis
1205 2343 1206 2366 y

144 2371 395 2436 commentarios
425 2373 541 2439 euoluo
569 2375 662 2437 tauto
688 2371 792 2455 pluris
818 2371 911 2436 illum
936 2368 1045 2454 faoio'‚
1073 2374 1164 2436 certe

143 2464 278 2545 propter
300 2459 408 2544 ipsum
430 2460 606 2526 Horatium
629 2460 685 2545 qui
707 2462 834 2546 legatur
857 2459 974 2544 dignus
997 2463 1058 2524 est.

233 2547 400 2625 Quantum
417 2550 519 2634 igitur
534 2549 771 2634 Porphyrionis
795 2548 1020 2612 commentarii
1042 2549 1165 2612 ceteris

145 2639 329 2722 praestant!
367 2638 453 2723 quod
478 2642 608 2722 praeter
636 2639 832 2705 Glareanum
858 2634 912 2724 (cf.
940 2637 1079 2701 indicem
1114 2637 1166 2702 ed.

143 2727 224 2792 Hor.
246 2726 333 2792 Frib.
362 2749 391 2791 a.
416 2724 515 2813 1523)
543 2733 576 2792 et
601 2726 643 2792 H.
667 2725 867 2812 Stephanum
893 2727 1065 2811 plerosque
1093 2748 1168 2792 non

143 2816 343 2880 intellexisse
372 2816 512 2900 mireris,
544 2816 609 2880 nisi
639 2815 724 2883 forte
756 2836 892 2880 excusas
924 2815 980 2880 uix
1011 2816 1167 2898 potuisse

142 2904 341 2988 intellegere.
385 2926 463 2969 nam
486 2905 680 2970 editionibus
704 2905 825 2970 saeculi
846 2903 908 2969 XV
932 2907 966 2968 et
986 2901 1067 2968 XVI
1080 2901 1166 2969 Por-

142 2991 313 3078 phyrionis
335 2993 438 3057 uerba
460 2993 576 3058 misere
599 2997 752 3078 corrupta
774 2997 859 3059 sunt.
895 3013 1093 3078 quamquam
1118 2992 1165 3058 H.

145 3079 329 3166 Stephanus
357 3086 528 3146 monuerat
558 3081 741 3146 barbariem
762 3082 869 3167 illam,
892 3103 973 3167 quae
995 3081 1168 3166 plerisque

143 3171 225 3234 locis
259 3191 297 3234 ea
329 3175 577 3254 conspurcasset
608 3171 698 3236 uelut
729 3171 849 3236 nebula
881 3171 1027 3237 candidis
1055 3172 1167 3236 stellis

144 3281 271 3344 sparsa,
304 3258 464 3344 detergeri
495 3283 592 3344 posse
624 3259 771 3327 codicum
798 3261 934 3344 auxilio,
965 3263 1077 3324 tamen
1106 3260 1169 3342 qui
1200 3255 1201 3258 ’

142 3347 241 3432 primi
268 3347 431 3414 codicibus
458 3350 510 3413 usi
533 3353 622 3435 sunt,
648 3350 754 3435 Pauly
782 3349 983 3437 diligentiae,
1009 3345 1170 3412 Hauthal

142 3435 271 3502 consilii
293 3437 374 3502 adeo
397 3441 544 3521 expertes
567 3437 712 3524 fuerunt,
739 3443 777 3504 ut
802 3461 855 3506 res
877 3436 1055 3523 philologis
1081 3436 1171 3504 Ger-

142 3524 249 3594 manis
272 3525 415 3589 extiterit
438 3525 594 3590 dedecori.

232 3611 326 3689 Quod
348 3634 421 3678 curn
443 3613 636 3696 probassem
657 3617 770 3682 libello
794 3615 990 3681 scholastico
1019 3639 1048 3680 a.
1075 3619 1171 3683 1870

143 3703 325 3786 composito
348 3697 534 3787 (Beitraege
557 3724 614 3766 zur
635 3702 747 3769 Kritilr
768 3706 824 3769 des
846 3702 1172 3772 Horazsoholiasten
