2378 3934
262 835 655 913 EPISTULARUM
688 833 852 906 traua
878 806 1088 918 ¹rarruus.

595 993 756 1003 —..-.—-··-

260 1083 389 1147 Prima
416 1084 519 1147 dicte
547 1082 641 1145 mihi
672 1101 815 1144 summa
838 1079 999 1144 dicende
1022 1093 1171 1154 camena]

170 1171 279 1237 Flacci
316 1173 529 1256 epistularum
558 1170 633 1234 libri
665 1169 761 1233 titulo
793 1172 923 1232 tantum
960 1168 1121 1234 dissimiles
1150 1193 1164 1234 a

174 1283 359 1326 sermonum
382 1265 467 1326 sunt.
503 1281 581 1324 nam
604 1263 637 1322 et
659 1262 798 1322 metrum
817 1260 850 1321 et
863 1257 1000 1322 materia
1013 1259 1163 1324 uerborum

146 1353 206 1414 set
234 1351 412 1415 communis
441 1348 623 1431 adsumptio
653 1346 764 1411 eadem
791 1349 850 1410 est.
878 1368 983 1430 ·quos
1007 1347 1107 1430 operis
1127 1348 1163 1410 sui

171 1439 304 1504 ultimos
327 1460 396 1503 esse
419 1438 488 1522 ipse
511 1439 651 1501 testatur
673 1434 869 1517 Maecenati,
898 1457 973 1500 cum
997 1435 1072 1500 dicit
1091 1433 1163 1498 finire

172 1549 206 1590 se
230 1548 361 1612 operam
384 1526 466 1591 uelle
495 1530 528 1590 et
554 1523 780 1609 philosophiae
807 1524 905 1588 malle
932 1524 1095 1589 inseruire.
1149 1525 1166 1586 l

171 1614 359 1680 Ueianius
396 1615 521 1678 armis.
579 1612 737 1678 Ueianius
768 1612 888 1676 nobilis
922 1612 1081 1697 gladiator
1107 1620 1172 1696 post

172 1705 292 1767 multas
315 1703 439 1786 palmas
463 1703 660 1767 consecratis
674 1701 807 1765 Herculi
820 1699 981 1766 Fundano
1006 1703 1098 1767 armis
1114 1702 1172 1764 suis

132 1815 159 1853 ιο
172 1792 206 1855 in
234 1791 375 1877 agellum
403 1812 437 1854 se
464 1791 610 1855 contulit.
661 1791 750 1854 cuius
778 1791 924 1874 exemplo
947 1791 1027 1856 dicit
1049 1793 1163 1856 aetatem

174 1903 266 1945 suam
289 1884 323 1944 et
344 1879 548 1964 propositum
570 1878 730 1964 inpedire,
751 1899 793 1942 ne
816 1878 851 1942 in
875 1879 1053 1944 scribendis
1075 1879 1164 1944 carmi·

174 1969 270 2034 nibus
303 1971 496 2054 perseueret.
582 1969 623 2032 10
655 1972 693 2032 et
729 1970 858 2032 cetera
894 1968 1045 2034 ludicra
1078 1989 1165 2052 pono.

174 2058 221 2122 ait
244 2080 277 2122 se
301 2057 455 2141 depositis
478 2056 605 2121 leuibus
628 2055 782 2121 fomentis
806 2057 906 2120 animi
929 2057 962 2122 id
987 2063 1037 2123 est
1052 2057 1122 2122 iocis
1137 2076 1163 2117 ar

174 2147 322 2211 uersibus
350 2146 508 2211 transisse
536 2146 577 2209 ad
606 2145 748 2209 studium
774 2144 1003 2228 philosophiae
1035 2149 1067 2212 ct
1093 2165 1164 2230 prae-

134 2255 161 2296 15
176 2238 271 2317 cepta
294 2235 402 2299 animo
426 2235 620 2317 sapientium
643 2233 790 2316 condere,
813 2255 896 2318 quae
914 2239 1031 2318 postea
1044 2237 1077 2300 in
1091 2219 1173 2310 usunl

173 2325 280 2386 rectae
303 2323 390 2386 uitae
414 2323 557 2407 proferre
580 2323 692 2408 possit.
759 2322 799 2386 13
824 2345 898 2407 quo
921 2345 978 2388 me
1002 2325 1090 2389 duce
1111 2341 1167 2406 quo

173 2411 255 2476 lare
277 2414 390 2476 tuter.
435 2412 517 2478 nulli
541 2434 575 2477 se
598 2415 704 2476 sectae
728 2411 891 2476 addictum
911 2412 967 2496 ait,
992 2414 1048 2478 sed
1065 2434 1100 2477 ex
1116 2431 1166 2474 on·

174 2501 271 2565 nibus
295 2499 451 2585 quidquid
474 2500 634 2585 optimum
662 2501 705 2565 sit
728 2499 904 2565 electurum
927 2521 998 2566 esse
1020 2497 1168 2587 promittit.

268 2589 309 2654 16
333 2591 369 2654 et
392 2611 541 2655 mersor
564 2588 749 2654 ciuilibus
772 2589 893 2654 undis.
939 2591 1025 2656 inter
1047 2587 1166 2656 Stoicam

135 2707 161 2745 20
176 2681 209 2742 et
230 2677 425 2762 Epicuream
447 2679 561 2744 iactari
584 2699 618 2742 se
641 2679 688 2743 ait
711 2682 744 2742 et
765 2678 837 2743 ideo
866 2699 899 2744 se
922 2678 1019 2744 undis
1042 2675 1167 2744 ciuilibus

176 2767 280 2852 mergi
304 2767 393 2851 dixit,
417 2767 492 2851 quia
516 2765 616 2831 Stoici
639 2767 955 2832 administrationem
978 2769 1025 2833 rei
1042 2764 1166 2852 publicae

175 2855 342 2940 probant,
357 2855 511 2940 Epicurei
532 2857 751 2942 uoluptatem,
776 2856 861 2921 unde
888 2857 1002 2922 furtim
1031 2853 1123 2921 relabi
1142 2869 1167 2913 se

177 2943 219 3008 ad
242 2963 314 3007 eam
337 2945 392 3009 ait.
458 2947 497 3011 17
522 2945 751 3030 rigidusque
775 2945 944 3012 satelles.
991 2946 1070 3010 bene
1090 2939 1165 3025 rigi-

176 3031 245 3096 dus
275 3033 451 3098 secundum
479 3032 618 3098 Stoicen.
711 3036 751 3112 18
784 3041 884 3100 nune'
915 3035 956 3100 in
982 3028 1167 3115 Aristippi,

136 3147 162 3188 25
178 3121 254 3206 quia
272 3119 459 3206 Aristippus
482 3120 661 3207 Epicureae
684 3123 842 3208 princeps.
910 3125 955 3190 20
976 3145 1049 3188 nox
1070 3123 1165 3200 longa

177 3210 316 3294 quibus
346 3212 535 3276 mentitur
567 3211 704 3275 amica:
734 3212 818 3277 sicut
843 3213 943 3300 longa
968 3235 1034 3277 nox
1059 3212 1104 3275 est
1126 3205 1165 3269 his

250 3408 263 3452 1
288 3376 388 3454 rudis
407 3400 668 3456 rrrsrurlauu
692 3377 752 3457 sih
773 3405 800 3458 ·1·
821 3406 860 3459 m
920 3404 1062 3460 sacena
1079 3400 1112 3454 n

177 3467 288 3521 thbru
307 3469 346 3521 Μ
428 3472 583 3526 4materia
605 3476 635 3526 et
653 3473 802 3528 uerborum
820 3477 975 3531 communis
994 3475 1084 3543 Pauly
1153 3470 1165 3517 8

177 3551 294 3590 ueranus
314 3538 353 3589 Μ
369 3539 411 3593 bis
484 3548 517 3596 15
536 3541 706 3610 sapientium
725 3543 820 3600 animo
838 3547 967 3603 Hoathul
1037 3551 1069 3600 2³
1085 3540 1130 3597 sel.
1145 3553 1165 3588 u·

177 3609 215 3658 17
228 3609 293 3672 post
310 3607 363 3660 selu.
383 3625 411 3660 u.
430 3615 468 3665 18
486 3616 525 3666 cst
542 3613 574 3666 iu
593 3612 632 3667 Μ
698 3620 731 3670 25
751 3630 914 3685 eprcuraeae
934 3618 973 3671 Μ
1032 3618 1109 3684 longa
1124 3621 1166 3662 110¹

179 3673 219 3725 Μ
288 3679 321 3729 26
340 3677 449 3742 qurbers
469 3680 507 3734 Μ
