2378 3934
22 89 23 94 '
102 102 167 166 164
305 177 312 194 κ
503 98 654 156 cronon
674 107 714 156 12.

101 263 313 330 concumbere
335 263 466 348 debere,
493 264 569 348 quia
595 264 683 328 illam
712 285 780 329 non
808 263 955 346 uideant,
983 267 1111 348 propter

101 354 339 418 deformitatem
358 353 469 436 ipsius.
541 352 561 416 3
584 373 654 416 nec
677 352 792 417 firmo
815 351 947 417 iuueni
970 351 1037 418 hoc
1056 358 1111 418 est:

101 463 160 506 nec
191 441 300 506 ualido
336 442 391 526 qui
426 440 571 506 sufficere
605 440 733 505 libidini
764 444 840 506 tuae
870 442 1006 524 possim.
1094 444 1110 507 3

101 552 225 614 neque
247 531 354 594 naris
384 531 522 595 obesae
548 528 611 595 hoc
639 533 703 595 est:
726 551 830 614 neque
855 531 1004 594 occlusae
1029 532 1110 596 naris

75 623 140 683 sut
161 619 284 703 possim
305 623 455 703 putorem
478 619 621 702 corporis
644 619 694 682 tui
716 618 807 683 ferre.
899 619 920 684 5
947 621 1111 704 polypus

103 730 150 772 an
168 709 301 793 grauis
319 708 490 772 hirsutis
509 707 623 773 cubet
639 708 770 772 hircus
793 708 833 772 in
857 708 940 772 alis.
977 709 1111 794 polypus

102 819 169 862 non
197 797 233 860 in
259 797 332 878 alis,
360 797 416 860 scd
443 797 478 860 in
506 797 639 861 naribus
669 796 915 881 intellegendus.
1010 798 1111 881 'lqui

103 886 219 950 sudor
246 885 363 948 uictis
391 888 428 949 et
456 907 565 968 quam
592 886 715 950 malus
743 885 912 970 undique
936 887 1112 950 membris

104 974 245 1038 crescit
268 973 369 1038 odor.
406 974 484 1038 ordo
504 977 567 1039 est:
591 975 686 1038 uictis
705 974 865 1039 membris.
898 975 987 1039 uieta
1008 981 1112 1040 autem

65 1087 91 1128 10
105 1063 255 1145 dicuntur
269 1083 307 1126 ex
325 1062 517 1126 necessitate
537 1066 696 1146 contorta,
717 1066 755 1128 ut
778 1062 986 1128 Terentius
1010 1067 1112 1129 osten·

103 1151 150 1216 dit
163 1149 317 1234 Uictus,
331 1155 577 1236 ueternosus,
592 1173 707 1216 senex
724 1153 928 1232 [necessitate
944 1155 1111 1234 contorta}

193 1241 211 1304 7
245 1241 366 1304 malus
403 1241 571 1324 undique
604 1241 793 1304 membris.
851 1239 915 1306 hoc
947 1242 1012 1306 iam
1042 1264 1111 1326 pro·

102 1328 321 1395 nuntiandum
343 1330 395 1393 uel
414 1328 610 1394 efferendum
624 1351 697 1393 cum
712 1329 936 1394 admiratione.
991 1331 1011 1395 8
1034 1352 1110 1394 cum

103 1440 200 1503 pene
216 1418 345 1483 soluto
363 1419 590 1483 indomitam
608 1422 796 1503 properat
812 1419 958 1483 rabiem
974 1419 1110 1483 sedare.

64 1533 89 1572 15
104 1529 224 1592 aspere.
270 1528 343 1571 cum
365 1529 403 1570 ex
426 1506 557 1572 fastidio
580 1507 629 1570 tui
655 1507 749 1591 penis
777 1508 919 1592 languit,
947 1512 984 1571 tu
1007 1511 1111 1571 tamen

104 1597 235 1679 cupiens
263 1595 390 1659 11b1d1m
416 1597 492 1658 tuae
520 1595 719 1679 satisfacere,
746 1596 823 1661 dum
846 1597 997 1680 moueris,
1020 1596 1111 1660 sudas

104 1683 297 1766 delsuasque
325 1686 446 1748 cretam
469 1687 502 1747 et
524 1687 647 1749 stercus
670 1684 837 1767 crocodili,
860 1685 977 1769 quibus
1000 1685 1111 1750 faciem

102 1772 212 1836 fucare
236 1772 407 1837 consuesti.
485 1775 525 1836 11
550 1773 701 1857 iamque
725 1773 899 1854 subando
923 1777 1032 1838 tenta
1054 1796 1111 1838 cu-

104 1861 199 1926 bilia
217 1864 397 1945 tectaque
415 1861 568 1946 rumpit.
605 1863 721 1926 subare
734 1863 864 1946 proprie
879 1883 953 1927 sues
967 1864 1111 1928 dicuntur

65 1977 91 2016 10
106 1972 179 2015 curn
201 1950 422 2015 libidinantur.
463 1950 537 2014 inde
560 1951 626 2014 iam
648 1952 819 2016 translatio
842 1952 931 2016 facta
952 1952 988 2016 in
1011 1955 1112 2016 cetera

106 2040 266 2104 animalia.
316 2043 407 2104 tenta
435 2042 543 2104 autem
571 2039 690 2104 cubilia
717 2041 836 2107 lectum
868 2040 946 2104 dicit
976 2041 1110 2105 restibus

106 2129 174 2191 siue
196 2127 339 2191 fasciolis
363 2129 560 2192 subtentum.
630 2129 671 2193 13
694 2130 756 2194 uel
779 2150 859 2193 mea
882 2150 965 2194 cum
988 2130 1110 2194 saeuis

106 2217 232 2300 agitat
259 2215 423 2279 fastidia
450 2216 588 2282 uerbis.
646 2219 700 2282 uel
726 2218 806 2283 illnd
836 2218 905 2282 eius
938 2220 1031 2302 quale
1058 2221 1110 2299 est,
1168 2273 1169 2302 ,

106 2326 179 2368 cum
205 2325 256 2367 me
284 2305 375 2384 quasi
402 2325 460 2389 per
487 2305 662 2370 blanditias
690 2306 838 2391 corripit,
868 2307 954 2392 quod
986 2306 1109 2371 fastidio

66 2417 93 2458 as
108 2414 181 2458 cum
204 2414 242 2456 ea
264 2393 477 2458 concumbam
499 2395 655 2480 inputans
679 2395 765 2479 quod
784 2396 1004 2460 excitatiorem
1022 2415 1110 2460 uene

105 2504 174 2547 rem
197 2503 270 2548 cum
292 2481 426 2546 Inachia
448 2484 551 2548 amica
575 2505 671 2567 quarn
700 2505 773 2549 cum
796 2483 867 2569 ipsa
890 2505 994 2569 agam.
1075 2484 1110 2548 16

106 2575 242 2656 pereat
278 2572 374 2636 male
411 2593 506 2656 quae
543 2576 580 2636 te
612 2571 765 2638 Lesbia:
803 2594 884 2658 quae
917 2576 949 2637 te
981 2573 1110 2637 inertem

106 2661 303 2726 monstrauit
334 2661 415 2725 mihi
451 2661 619 2745 quaerenti
650 2664 789 2730 taurum.
847 2666 978 2726 taurum
1010 2669 1110 2726 autem

108 2772 166 2833 pro
190 2751 298 2816 ualido
322 2771 359 2814 ac
381 2750 461 2815 forti
483 2749 657 2815 concubitu
679 2750 769 2816 dixit
857 2752 897 2818 18
922 2771 1003 2816 cum
1025 2749 1111 2814 mihi

68 2864 94 2903 so
109 2837 208 2930 Cous
231 2839 385 2903 adesset
407 2837 593 2928 Amyntas
622 2839 685 2904 hoc
712 2843 776 2905 est:
805 2860 879 2904 cum
902 2862 969 2905 non
992 2839 1111 2904 deesset
1167 2865 1168 2926 3

181 2983 212 3032 11
232 2977 359 3032 Eunuch.
378 2983 404 3046 4,
423 2982 448 3046 4,
468 2983 501 3032 21

181 3112 194 3159 1
215 3103 415 3171 concumbure,
434 3102 523 3156 buin
541 3117 620 3168 cora,
640 3103 678 3156 M
748 3102 852 3158 1111110
872 3103 910 3157 M
979 3111 996 3157 3
1014 3102 1111 3174 possim

108 3191 158 3230 nos
176 3191 209 3229 ec
227 3175 416 3244 Acr.:poas1s
437 3173 618 3242 Mpossitg
689 3179 806 3228 tnares
827 3175 865 3228 M
881 3175 923 3229 bis
990 3176 1113 3228 tlemmu

108 3263 142 3300 m.
162 3252 187 3299 1.
206 3247 238 3299 ia
255 3247 380 3314 marciae
403 3244 514 3299 addidit
532 3244 571 3297 M
644 3250 676 3298 10
695 3261 729 3299 ox
748 3249 910 3300 senectute?
929 3262 962 3300 ex
980 3247 1113 3300 uetustate

111 3317 205 3385 Pauly
294 3317 444 3368 terrestrus
464 3317 508 3368 ost
525 3315 617 3370 Urdcos
637 3315 675 3368 M
769 3317 984 3370 13001111οί0
1001 3321 1113 3370 ostreno

107 3387 183 3440 linco
202 3385 240 3438 M
302 3391 334 3437 15
353 3385 506 3454 langnetg
579 3393 612 3440 16
630 3385 791 3441 lrb1d1ndcue
811 3387 849 3440 M
916 3393 948 3442 17
967 3385 1113 3441 crucodrlm

112 3457 149 3510 M
221 3461 253 3508 18
272 3453 359 3507 cub1h
378 3455 416 3507 M
486 3461 520 3508 22
539 3473 612 3510 acuis
633 3457 671 3510 M
740 3463 774 3512 23
793 3457 868 3512 illud
885 3458 926 3512 ait
944 3459 1062 3526 qualeq

111 3525 316 3649 {nuncupem
332 3523 371 3576 M
440 3525 791 3596 261nach1m1ca,as.l.,
811 3527 849 3582 M
920 3535 953 3584 29
973 3528 1114 3584 concnb1to

166 3612 252 3650 concu
274 3593 339 3648 ino?
