2378 3934
155 143 220 207 202
489 140 611 196 senno
630 143 651 210 Ι,
670 148 695 208 3,
714 147 829 195 32-45.

156 311 223 374 eius
237 305 357 371 defluat
370 305 523 388 laxosque
538 305 662 368 caleeos
676 301 805 368 habeat.
867 305 911 368 32
926 309 967 368 at
983 309 1038 369 est
1055 304 1164 369 bouus

155 404 195 463 at
215 395 344 460 melior
366 395 428 458 air
446 444 453 458 .
469 443 475 456 .
494 393 645 457 amicus.
686 393 776 456 ordo:
803 399 839 458 αἰ
860 395 965 459 bouus
990 394 1042 456 uir
1066 397 1115 457 est
1138 399 1164 456 et

156 487 217 552 tibi
230 484 361 549 amicus.
397 483 448 546 his
463 503 540 566 ergo
555 481 688 566 colligit,
708 480 788 544 uitia
803 483 832 546 si
849 483 935 547 leuia
954 483 1022 546 sint
1039 482 1164 545 ferenda

156 597 235 659 esse,
258 571 434 637 seeundum
455 570 535 635 illud
554 571 640 654 quod
658 569 857 655 praecipitur
875 593 934 655 per
946 571 1166 654 prouerbium:

131 662 281 734 eAmici
304 683 427 726 mores
450 660 623 744 noueris,
645 681 722 723 non
746 659 883 724 oderis.
965 661 1009 725 33
1033 662 1074 724 at
1095 659 1167 723 tibi

158 754 300 818 amicus
328 749 361 813 id
389 753 451 813 est:
479 771 576 812 uerus
596 748 728 812 amicus.
763 749 1045 832 pronuntiandum
1065 753 1169 812 autem

158 846 219 925 est,
251 844 288 903 ut
316 838 509 924 significatio
538 838 606 901 eius
634 838 841 920 exprimatur.
933 837 976 902 35
1004 860 1169 921 numqua

157 931 231 997 tibi
253 928 440 992 uitiorum
461 927 652 991 inseuerit
675 927 768 990 olim
791 931 940 991 natura.
986 949 1077 990 num
1102 949 1169 1011 qua

157 1041 216 1106 pro
241 1018 331 1082 ‘num
354 1015 484 1100 aliqua'‚
505 1020 543 1080 nt
562 1016 589 1080 si
607 1015 936 1100 diceret.‘numquid'.
979 1017 1170 1080 inseuerit

120 1139 145 1180 ιο
159 1113 267 1174 autem
291 1129 349 1191 pro
374 1106 540 1170 ‘inseuerit
563 1104 608 1168 se’
632 1107 689 1168 aut
712 1104 822 1168 ‘insita
840 1103 959 1169 fuerit'.
990 1105 1055 1168 hae
1069 1105 1172 1190 figura

158 1203 191 1263 et
212 1197 293 1261 illud
316 1195 433 1260 dieitur
455 1194 697 1277 Praecipitat
720 1217 794 1258 nox
818 1198 849 1258 et
872 1194 992 1258 Prora
1016 1194 1170 1258 auertit.

159 1309 273 1352 sensus
296 1289 417 1349 autem:
444 1286 477 1347 te
509 1283 616 1367 ipsum
643 1283 780 1366 denique
803 1283 964 1367 perspiee,
985 1305 1028 1346 ne
1051 1282 1171 1346 habeas

159 1377 266 1460 aliqua
293 1374 375 1438 uitia
402 1376 460 1436 aut
485 1372 633 1457 ingenita
660 1371 719 1435 tibi
748 1376 805 1436 aut
827 1372 915 1437 mala
937 1373 1170 1436 consuetudine

159 1465 313 1550 quaesita.
373 1462 595 1546 ebriamque
618 1461 810 1544 negleetis
833 1461 980 1526 urenda
1002 1461 1097 1525 filix
1120 1463 1170 1524 in-

120 1581 146 1622 15
160 1553 335 1619 nascitur
367 1551 480 1635 agris.
539 1549 712 1614 manifesta
745 1551 909 1634 allegoria.
1000 1551 1044 1616 38
1081 1551 1172 1614 illue

159 1643 449 1726 praeuertamus
477 1661 550 1722 pro:
579 1639 655 1703 illue
678 1642 890 1704 transeamus,
950 1639 1035 1703 sieut
1058 1639 1171 1703 dieitur

159 1730 440 1810 Uolucremque
468 1727 561 1812 fuga
587 1729 854 1811 praeuertitur
880 1726 1063 1792 Hebrum.
1131 1730 1172 1791 40

159 1817 282 1884 ueluti
309 1815 514 1880 Balbinum
544 1817 710 1900 polypus
737 1816 907 1902 Hagnae.
966 1817 1169 1882 Luciliana

160 1907 346 1973 urbanitate
369 1927 447 1970 usus
470 1906 506 1969 in
528 1905 668 1970 transitu
692 1906 940 1970 amaritudinem
964 1908 1114 1990 aspersit.

122 2025 148 2065 20
161 2000 202 2063 41
228 1998 367 2062 uellem
395 1995 434 2060 in
462 1994 636 2059 amicitia
668 1995 721 2060 sie
753 2017 979 2060 erraremus.
1041 1997 1169 2077 utinam,

161 2087 280 2170 inquit,
305 2086 392 2149 hune
419 2105 560 2148 errorem
583 2083 667 2147 eirca
690 2085 812 2150 amieos
834 2088 965 2150 nostros
988 2088 1172 2170 pateremur

161 2175 241 2237 aritia
267 2173 396 2237 illorum
423 2195 492 2237 non
518 2173 753 2257 intellegentes.
799 2173 854 2258 qui
883 2196 972 2239 error
1002 2174 1086 2238 adeo
1110 2177 1172 2238 lau·

161 2263 299 2343 daretur,
321 2265 359 2325 ut
381 2261 484 2326 uirtus
507 2262 616 2347 potius
640 2283 737 2346 quam
758 2263 875 2327 uitium
898 2263 1070 2328 diceretur.
1134 2265 1174 2327 44

163 2351 383 2414 strabonem
412 2352 583 2435 appellat
610 2354 764 2434 paetum
786 2355 915 2436 pater.
981 2353 1096 2417 strabo
1126 2353 1173 2416 de-

122 2439 256 2506 retortis
280 2438 339 2522 qui
358 2442 407 2502 est
430 2441 540 2524 oculis,
563 2439 687 2524 dicitur,
710 2443 824 2523 paetus
853 2442 971 2509 leniter
997 2442 1174 2507 declinatis.

162 2549 201 2592 ex
227 2527 289 2592 hoe
318 2529 425 2591 autem
456 2531 489 2592 et
515 2529 566 2592 his
590 2550 672 2614 quae
696 2533 875 2613 sequuntur
898 2531 1055 2615 ostendit,
1079 2553 1100 2595 a
1122 2555 1174 2617 pa-

161 2617 306 2681 rentibus
326 2615 466 2681 filiorum
489 2618 570 2682 uitia
593 2621 650 2682 aut
672 2640 740 2684 non
762 2619 909 2705 intellegi
931 2623 988 2683 ant
1009 2620 1174 2685 intellecta

162 2704 364 2769 dissimulari.
423 2706 508 2789 quod
534 2707 693 2792 praecipit
720 2707 804 2772 eirea
832 2709 952 2774 amieos
977 2731 1107 2794 quoque
1129 2711 1173 2774 fa-

162 2793 309 2856 ciendum
333 2815 412 2859 esse.
470 2795 514 2861 45
537 2797 634 2860 male
657 2819 799 2880 paruus
823 2798 855 2862 si
882 2799 943 2864 eui
965 2796 1085 2862 filius
1110 2803 1173 2863 est.

233 2989 249 3034 5
268 2982 302 3036 ef.
322 2983 475 3042 Publilium
494 2991 528 3044 ed
547 2989 693 3046 Woelfflin
711 3009 739 3060 p.
759 2996 809 3044 119
875 2996 907 3044 11
921 2990 1005 3059 Uerg.
1024 2989 1096 3045 Aen.
1118 2998 1140 3058 2,
1159 2997 1172 3044 8

162 3050 191 3104 et
210 3058 233 3119 1,
254 3059 305 3106 104
379 3063 412 3112 17
430 3060 520 3131 Uerg.¹
534 3063 604 3118 Aen.
624 3070 648 3131 1,
668 3069 719 3117 317

162 3161 374 3177 -——..——.

234 3213 376 3270 lealeeas
397 3220 435 3272 M
527 3225 592 3280 haee
610 3224 709 3279 addidi
799 3228 888 3292 3030
908 3222 946 3276 M
1034 3227 1104 3276 bae
1123 3222 1172 3276 tibi

163 3291 266 3330 ammos
285 3281 323 3333 M
393 3296 509 3348 bueros
529 3312 632 3350 amieos
653 3295 691 3349 M
761 3293 926 3364 'lergnrlrea
945 3292 983 3346 Μ
1053 3309 1170 3362 equa..

161 3345 296 3400 msederrt
314 3352 353 3404 M
420 3366 453 3414 10
472 3361 608 3422 inseuerit
626 3383 655 3420 se
673 3373 737 3420 noe:
755 3366 875 3420 msuerrt
893 3379 922 3418 se
942 3363 981 3417 M
1043 3370 1171 3434 1111119-

163 3415 250 3478 ⁰1P¹³⁴l
269 3416 307 3468 M
390 3443 503 3495 proram
524 3436 563 3489 M
642 3443 675 3490 14
693 3435 761 3490 fehx
781 3436 821 3488 M
896 3441 928 3489 17
947 3437 1060 3503 prouert
1078 3437 1171 3490 ebmm

110 3554 112 3558 ,
164 3479 201 3530 M
263 3489 295 3536 ¹8
314 3503 386 3555 agne
407 3498 445 3550 M
506 3505 638 3560 lumhane
659 3508 697 3560 M
762 3511 796 3560 22
815 3508 914 3560 mtrem
932 3507 971 3560 M
1030 3511 1067 3560 24
1084 3507 1172 3576 plnum

164 3552 296 3614 --petus
315 3556 354 3609 M
437 3573 650 3630 251eu1terM
734 3583 767 3630 26
787 3594 821 3631 ex
839 3577 920 3631 Aea:
938 3577 962 3630 b
982 3577 1020 3630 M
1099 3578 1172 3644 h1sq;

164 3621 316 3682 sequantur
334 3627 374 3679 M
444 3642 478 3693 27
497 3647 603 3698 ultraut
622 3647 660 3699 M
730 3651 764 3702 29
784 3647 885 3702 sicui:
904 3664 944 3702 ele
964 3648 1002 3701 M
