2416 3934
160 129 204 194 48
530 128 604 183 ona
623 129 658 198 11,
679 135 692 184 1
713 109 741 183 'a
760 135 785 182 2.

161 314 297 377 eumque
326 293 382 358 alii
409 293 453 357 dii
475 278 800 378 Carthaginiensibus
828 290 995 375 fenerant,
1023 289 1183 358 ultionem

159 383 309 446 uaslalae
336 381 468 446 Africae
500 399 539 446 ex
565 381 705 466 posteris
733 402 858 465 eorum,
891 381 947 465 qui
977 398 1051 444 eam
1074 385 1182 445 uasta-

161 475 289 554 uerunb,
310 491 398 536 nune
420 473 622 556 receperunt.
665 469 853 555 inpotens
880 473 992 534 aulem
1013 490 1093 535 non
1117 493 1182 554 po·

162 562 248 624 lens
270 558 304 624 id
327 563 378 624 esi
396 558 557 644 adynatos
581 557 662 624 ‘sine
685 557 818 624 uirbube’
834 557 1107 644 intellegendum.

105 652 108 662 '
136 672 150 712 a
253 644 296 714 28
328 647 466 713 retulit
492 648 656 713 inferias
682 645 905 733 Iugurthae.
964 657 1053 712 nuno
1080 649 1181 713 latius

161 735 323 822 intellege,
346 737 379 802 id
402 740 465 802 est:
488 735 579 802 Afn's
602 735 762 802 omnibus.
831 736 874 800 29
899 736 1086 821 quianon
1110 736 1182 802 Le·

162 824 246 890 tino
271 847 295 890 s.
318 847 348 908 p.
372 847 397 890 o.
445 847 558 890 sensus
582 829 643 890 esi:
665 826 774 890 n'ullus
798 828 848 890 est
871 838 1015 910 campus,
1038 827 1095 911 qui
1113 849 1183 892 non

161 913 327 1066 {epuleris
340 913 563 1018 llomanorum
594 915 680 1068 lpeellp
698 911 999 1068 eolalilnlffissirel
1021 915 1182 1069 sgrrguine

193 1023 310 1069 emano
437 1025 489 1068 em
512 1025 597 1069 seos
632 1025 697 1068 na
741 1017 778 1068 ae
852 1053 858 1067 .
987 1023 1180 1068 au1u1n-

122 1115 149 1156 1o
164 1111 235 1175 que
258 1024 444 1158 Meriililgll.
468 1114 492 1157 s.
515 1115 539 1156 r.
590 1092 628 1156 de
656 1094 819 1178 superiore
843 1092 1000 1176 ostendit3
1024 1093 1071 1157 sie
1095 1094 1182 1158 enim

91 1171 100 1184 ’
162 1181 430 1268 intellegendum:
464 1181 535 1266 quis
571 1203 639 1246 non
676 1203 809 1266 campus
847 1181 1003 1268 sepulcris
1040 1183 1182 1250 testatur

163 1269 255 1355 inpia
268 1271 391 1356 proelia
405 1271 611 1355 sonitumque
625 1269 801 1355 Hesperiae
814 1269 938 1359 ruinae,
961 1290 1058 1355 quem
1081 1272 1182 1338 eriam

163 1355 251 1425 Medi
275 1360 454 1426 audierunt.
491 1360 634 1425 sonitum
658 1362 766 1424 aulem
789 1360 902 1424 ruinae
917 1357 1031 1424 Medos
1052 1361 1181 1426 audisse

163 1447 197 1511 id
220 1451 271 1512 est
294 1471 391 1532 super
414 1447 525 1515 orbem
547 1447 720 1532 transilire,
741 1470 800 1533 per
821 1437 1027 1535 hyperbolen
1053 1449 1181 1515 intelle-

125 1559 151 1600 15
166 1535 307 1622 gendum
323 1541 388 1622 esi3
404 1537 495 1602 ouius
510 1555 623 1603 sensus
638 1558 678 1602 ex
692 1535 844 1604 subieolis
857 1537 964 1624 magis
977 1537 1181 1622 inlustratur,

163 1624 250 1709 quod
271 1625 388 1692 dixerit
406 1625 471 1710 qui
490 1645 632 1711 gurges
649 1630 714 1693 aut
737 1648 831 1711 quae
854 1625 1020 1692 flumina
1042 1627 1180 1714 lugub-

143 1713 216 1778 ‘ris
243 1713 381 1800 ignara
408 1713 515 1799 belli,
548 1716 647 1802 quod
678 1735 781 1780 mare
808 1713 985 1780 Dauniae
1012 1732 1092 1782 non
1121 1715 1181 1785 de·

164 1803 389 1870 eolorauere
412 1827 438 1870 e.
458 1841 500 1852 -
519 1803 564 1892 34
585 1802 761 1870 Dauniae
784 1801 1026 1892 aDauno'rege
1039 1803 1182 1892 Apuliae

164 1913 202 1956 ao
224 1914 284 1977 per
304 1893 367 1959 hoe
380 1890 512 1958 Italicae
536 1915 573 1958 ao
594 1893 709 1960 deinde
727 1891 895 1959 Romanae
917 1895 1182 1982 intellegendum.

122 1981 205 2046 2037
240 1985 299 2047 sel
328 2005 375 2048 ne
401 1981 552 2049 relictis
579 1982 689 2048 Musa
714 2003 857 2070 procax
879 1983 976 2049 ioois
1000 1979 1099 2049 Oeae
1124 2007 1182 2050 re·

163 2072 309 2137 tractes
336 2093 493 2138 munera
519 2093 551 2136 n.
582 2094 615 2136 n.
673 2069 780 2137 Nenia
806 2072 945 2160 lugubre
968 2093 1101 2139 earmen
1126 2079 1182 2158 esi,

164 2158 250 2243 quod
277 2160 313 2224 in
339 2165 468 2226 mortuo
497 2161 631 2226 aenium.
692 2158 872 2226 Simonides
905 2165 1015 2227 autem
1047 2183 1090 2228 ex
1119 2161 1183 2230 Oea

163 2246 272 2312 insula
298 2249 420 2332 lyricus
440 2253 545 2334 ,poeta
571 2241 724 2336 θρήνους
750 2249 784 2315 id
810 2254 861 2315 est
883 2251 1034 2335 planetus
1059 2253 1183 2337 optime

165 2336 301 2422 scripsit.
347 2337 422 2403 inde
452 2335 550 2405 Ceam
582 2339 712 2404 neniam
741 2337 926 2427 appellauit.
985 2360 1100 2406 sensus
1136 2347 1183 2406 est

123 2446 150 2488 2⁵
165 2428 290 2491 autem:
314 2427 370 2492 sed
392 2449 466 2493 eum
487 2427 591 2514 lyrieo
615 2428 749 2494 carmini
772 2429 913 2513 aptiores
931 2429 995 2495 ioei
1009 2429 1086 2515 sint,
1108 2453 1184 2514 pro·

163 2515 334 2580 eaoilalem
366 2518 483 2603 egeris,
516 2525 543 2582 o'
563 2515 671 2601 Musa,
703 2518 731 2582 si
761 2516 914 2604 lugubria
940 2518 1050 2605 polius
1078 2519 1115 2583 in
1145 2541 1200 2585 eo¹

163 2605 330 2671 modulata
356 2605 469 2692 fiieris,
498 2624 597 2692 quam
623 2607 768 2690 ueneria,
796 2627 878 2693 quae
905 2605 1085 2674 leuioribus
1114 2631 1183 2673 mo-

163 2693 247 2760 dulis
271 2697 432 2781 aptantur.

590 2869 663 2925 ona
683 2869 708 2940 a,
727 2877 753 2927 2.

123 2947 149 3025 ll
252 2977 392 3044 Nullus
425 2984 587 3066 argenlo
618 2981 724 3046 eolor
751 2984 810 3046 est
837 2981 977 3046 auaris.
1022 2979 1098 3048 Hae
1123 2983 1182 3048 ode

164 3065 352 3133 Sallustium
393 3067 543 3154 Crispum
583 3069 768 3154 adloquitur
810 3071 952 3155 equitem
993 3070 1198 3160 Romanump

234 3285 250 3334 2
269 3281 444 3336 uastauermt
463 3279 502 3334 M
557 3341 560 3348 ,
580 3287 596 3338 8
615 3281 686 3336 surse
706 3281 746 3336 M
821 3287 854 3338 10
874 3283 1011 3340 ostendii:
1039 3285 1098 3346 hoe
1117 3299 1182 3352 pen-

160 3350 209 3405 det
268 3353 312 3405 14.
337 3350 481 3406 transrhre
499 3350 653 3423 yperbolen
672 3351 711 3408 M
763 3357 797 3408 17
815 3370 914 3424 rgnare
933 3354 972 3408 M
1034 3360 1070 3410 20
1091 3354 1181 3410 Musa:

163 3423 193 3475 ᾗ
212 3422 251 3474 M
315 3439 384 3478 roera
403 3421 587 3492 queretraelus
607 3423 647 3476 M
711 3429 746 3478 22
764 3425 876 3480 mortuo
896 3424 935 3479 M
938 3445 947 3478 .·
964 3427 1132 3493 mortuosr
1196 3465 1197 3490 p

164 3507 232 3546 exea
251 3491 289 3546 M
341 3499 493 3548 Moenum
512 3492 550 3546 M
601 3500 635 3549 26
654 3493 684 3548 in
703 3499 736 3549 eo
754 3493 901 3550 modulata
918 3495 1005 3552 fueris
1025 3494 1101 3552 eum.
1119 3499 1180 3552 355:

163 3580 193 3615 rn
212 3563 559 3632 eomodulatap.fuer1s
580 3563 629 3630 M,
652 3564 777 3620 Dionaeo
799 3566 946 3624 modulata
964 3545 1181 3898 pleeYens

165 3651 182 3702 ς
255 3639 288 3688 27
307 3634 460 3689 lenioribus
481 3634 518 3687 M
