2378 3934
166 111 229 176 186
498 105 620 162 SERMO
640 106 661 175 1,
681 111 705 172 1,
724 110 839 160 46—59.

163 273 340 357 uoluptatis
374 271 436 335 erit
464 270 500 333 in
528 267 666 352 pecunia
697 266 875 351 adquisita,
911 268 940 332 si
970 287 1040 332 non
1070 267 1167 350 inpen-

164 363 268 442 datur,
290 381 364 426 eum
386 379 464 424 usus
486 357 554 422 eius
578 357 619 422 ad
641 378 702 421 nos
724 357 900 440 pertineat,
926 356 1096 421 recondita
1110 378 1166 439 per·

163 450 239 514 inda
262 449 305 513 sit
328 469 365 514 ae
388 448 416 512 si
438 469 507 512 non
529 446 696 511 habeatur.
763 446 808 512 46
845 448 889 510 ut
917 447 951 510 si
972 446 1165 511 reticulum

166 538 279 624 panis
301 537 463 602 uenalis.
532 558 646 600 sensus
669 538 731 600 est:
760 557 857 621 quem
880 535 923 599 ad
940 535 1077 600 modum
1098 536 1167 598 inter

139 627 299 692 suenales
321 647 402 710 puer
423 625 461 708 is,
484 625 540 711 qui
562 646 664 709 panes
686 624 841 708 portabit,
862 646 932 688 non
953 624 1029 708 plus
1049 625 1168 708 accipiet

167 737 214 800 eo,
237 716 293 799 qui
315 735 436 779 naeuus
460 713 649 798 ambulabit,
672 713 820 778 similiter
839 713 990 797 quamuis
1003 714 1078 798 plus
1091 713 1168 776 labo-

165 805 288 869 raueris
311 803 347 867 in
361 803 571 888 adquirendo,
592 803 699 868 faetus
722 823 796 867 eum
819 802 864 866 sis
886 802 1093 886 pecuniosus,
1113 823 1168 865 non

165 895 238 978 plus
261 895 376 957 uenter
396 895 472 956 tuus
495 893 630 977 recipiet
652 913 750 976 quam
772 891 841 954 eius
865 891 921 974 qui
935 891 1089 976 exiguum
1110 913 1170 974 pos-

166 981 257 1046 sidet
325 981 368 1045 49
401 980 506 1045 intra
536 984 702 1046 naturae
731 979 828 1044 finis
857 980 1014 1044 uiuenti
1034 979 1097 1044 hoe
1119 983 1171 1042 est:

127 1092 153 1133 10
165 1071 293 1156 legibus
316 1073 452 1135 naturae
476 1070 638 1134 seruienti.
683 1089 798 1133 sensus
821 1070 1008 1133 estantem:
1031 1089 1105 1134 eum
1126 1091 1171 1130 ne·

166 1163 259 1224 turae
287 1159 377 1244 leges
399 1180 495 1224 nemo
527 1158 631 1243 possit
663 1157 815 1222 excedere
844 1157 1034 1222 diuitiarum
1061 1158 1173 1242 magni·

166 1247 293 1332 tudine,
328 1248 406 1333 quid
432 1248 565 1333 prodest
590 1248 657 1311 late
680 1267 797 1330 cupere
819 1245 1008 1330 possidere?
1077 1246 1117 1311 51
1140 1253 1171 1308 al

168 1359 285 1402 suane
321 1340 380 1401 est
415 1359 459 1401 ex
494 1358 631 1423 magno
668 1336 810 1400 tollere
846 1357 994 1400 aceruo.
1052 1356 1172 1419 respon·

167 1427 297 1491 dentem
318 1425 399 1491 facit
417 1448 562 1510 auarum,
584 1429 640 1490 aut
657 1425 727 1510 ipse
744 1427 843 1508 poeta
859 1447 918 1508 per
936 1417 1172 1507 ἄνθυποφορὰν

129 1537 155 1580 15
167 1515 230 1580 hoe
254 1514 340 1579 dicit.
421 1514 464 1579 52
492 1515 578 1580 dum
600 1537 649 1579 ex
674 1535 795 1598 paruo
819 1513 933 1578 nobis
955 1514 1171 1578 tantundem

167 1604 325 1668 haurire
355 1603 563 1688 relinquas.
620 1606 718 1689 poeta
741 1623 841 1668 auaro
864 1602 1041 1687 respondet
1075 1602 1173 1667 dicens

167 1692 251 1756 nihil
271 1693 429 1756 interesse
451 1713 491 1755 ex
513 1713 633 1778 magno
657 1715 701 1756 an
724 1714 765 1757 ex
786 1714 888 1777 paruo
913 1714 1028 1757 aeeruo
1042 1691 1174 1763 haurias

168 1803 242 1846 eum
272 1781 419 1846 satiando
452 1783 561 1846 uentri
589 1785 703 1848 nostro
733 1803 802 1847 non
829 1781 968 1847 multum
991 1803 1029 1846 ae
1050 1784 1172 1846 tantun·

169 1870 243 1935 dem
266 1891 392 1954 semper
414 1891 496 1954 opus
519 1871 570 1935 sit
638 1869 683 1936 54
719 1873 761 1935 ut
787 1871 862 1935 tibi
890 1871 922 1935 si
946 1871 999 1935 sit
1021 1893 1113 1955 opus
1134 1872 1172 1934 li·

131 1959 279 2044 mquidi
323 1981 400 2024 non
432 1959 597 2044 amplius
620 1981 725 2024 urna.
770 1959 912 2043 liquidi
935 1959 1098 2043 absolute3
1119 1961 1171 2024 hoe

170 2053 228 2132 est,
251 2071 362 2132 aquae.
407 2051 440 2112 et
470 2053 520 2114 est
547 2071 661 2114 sensus
691 2049 902 2114 suauissimus
935 2049 1173 2133 conparationis.

171 2137 217 2200 ait
249 2139 335 2201 enim
366 2138 413 2201 ita
445 2139 581 2204 stultum
610 2160 680 2203 esse
717 2159 756 2202 ex
787 2139 916 2222 magnis
948 2139 1058 2222 potius
1089 2139 1174 2202 malle

171 2246 269 2308 quam
292 2247 331 2289 ex
353 2227 463 2310 paruis
487 2227 609 2293 diuitiis
633 2248 758 2292 sumere
781 2227 867 2291 unde
890 2230 1041 2292 uentrem
1053 2227 1167 2312 inpleas

171 2334 208 2377 ae
232 2313 260 2378 si
282 2335 355 2378 eum
377 2315 537 2382 desideres
559 2338 676 2380 urnam
699 2337 801 2400 aquae
824 2317 877 2381 uel
904 2317 1044 2402 amplius
1066 2318 1166 2382 minus

133 2425 159 2466 25
173 2425 213 2468 ue
236 2402 330 2467 malis
353 2425 425 2468 eam
448 2426 487 2469 ex
509 2427 630 2492 magno
653 2405 786 2470 flumine
811 2405 941 2470 haurire
965 2403 1175 2493 quampiam]

171 2515 210 2557 ex
232 2491 400 2558 fonticulo.
467 2493 511 2560 56
542 2517 584 2560 eo
613 2495 665 2559 fit
692 2495 848 2579 plenior
876 2499 919 2560 ut
950 2496 984 2560 si
1006 2517 1100 2581 quos
1122 2495 1175 2558 de·

171 2584 291 2647 leatet
323 2583 437 2667 copia
468 2585 583 2649 iusto.
628 2605 686 2669 per
723 2583 913 2670 allegoriam
940 2584 1174 2670 diligentissime

170 2672 232 2737 hoe
255 2671 377 2736 dietum
400 2674 508 2737 estin
530 2695 599 2757 eos,
626 2673 682 2758 qui
704 2694 842 2758 magnas
869 2673 999 2738 diuitias
1023 2673 1175 2758 adpetant.

172 2782 246 2825 eum
268 2783 389 2845 paruae
410 2761 475 2827 illis
499 2762 541 2826 ad
563 2763 666 2828 uitam
697 2763 853 2828 tuendam
876 2763 1004 2847 possint
1027 2762 1175 2832 sufficere:

132 2871 158 2911 eo
171 2851 360 2933 plerumque
382 2851 487 2935 ipsam
510 2850 700 2937 adquirendi
728 2851 938 2936 cupiditatem
963 2852 1029 2916 illis
1058 2871 1175 2916 eausam

172 2936 261 3000 exitii
283 2958 362 3002 esse.
406 2938 572 3006 Aufidus
596 2944 705 3005 autem
728 2940 833 3004 amnis
866 2944 915 3005 est
936 2941 972 3004 in
994 2940 1112 3026 Apulia
1132 2962 1174 3003 ra·

171 3025 358 3112 pidissimus
393 3027 529 3114 ideoque
565 3051 639 3095 acer
673 3051 762 3096 nune
785 3028 898 3094 dietus.
967 3029 1010 3094 59
1049 3033 1088 3094 at
1121 3028 1173 3113 qui

172 3116 328 3181 tantulo
359 3121 446 3203 eget
476 3121 623 3204 quanto
657 3122 715 3184 est
748 3141 844 3203 opus
874 3118 907 3183 is
939 3139 1064 3204 neque
1093 3119 1173 3184 limo

172 3206 368 3270 turbatam
403 3208 535 3273 haurit
571 3230 714 3292 aquam.
755 3209 1000 3292 perseueratin
1023 3208 1173 3294 allegoria.

208 3347 540 3464 l2pert1ndrreeond1t
558 3347 597 3401 M
683 3347 832 3401 ‹luenehs
851 3347 890 3401 M
977 3352 1119 3418 5pnems
1136 3345 1174 3414 qul

174 3427 207 3465 “⁶
235 3430 502 3552 {illidit
522 3424 574 3541 ΜΘ
593 3417 808 3556 mlltttlsl
820 3489 858 3542 M
892 3424 925 3474 1⁰
943 3419 1175 3544 sulm

177 3549 284 3618 Pauly:
302 3553 464 3608 suauissime
483 3558 522 3610 M
538 3559 659 3624 (mae);
738 3563 772 3612 23
800 3559 909 3628 inpleat
928 3559 966 3614 M
1045 3567 1080 3616 26
1098 3561 1119 3615 lt
1136 3560 1174 3614 ofil

177 3619 215 3670 M
284 3619 395 3675 dellrtet
415 3624 452 3674 M
