2416 3934
183 89 224 154 16
553 90 665 158 011111,
686 96 717 144 11
739 92 831 145 1111.ι

182 257 287 338 grate3
315 255 348 319 id
375 257 439 318 est:
471 276 544 319 oum
571 253 712 337 spatium
739 253 824 316 uitae
852 252 949 316 breue
977 253 1032 338 sit,
1064 253 1134 318 noli
1161 255 1191 316 in

181 344 315 428 longum
339 364 412 427 spes
434 346 508 408 tuas
530 342 704 426 porrigere.
796 342 815 410 8
839 361 952 425 carpe
976 341 1074 408 diem
1099 364 1129 426 q.
1153 366 1191 406 111.

182 453 207 496 c.
226 455 257 516 p.
283 432 521 515 metaphoricos
541 430 661 515 ‘primo
680 429 823 515 quoque'
845 430 952 514 iuquit
975 430 1042 496 ‘die
1060 431 1192 496 fruere'.

180 521 352 586 translatio
385 524 492 586 autem
524 543 543 584 a
574 520 679 603 pomis
708 522 837 604 sumpta
867 522 929 603 est,
962 541 1043 603 quae
1071 520 1193 584 scilicet

155 609 254 674 rideo
277 611 438 694 carpimus
460 611 498 674 ut
520 608 673 674 fruamur.

598 801 670 856 oon
690 807 714 870 1,
735 805 776 856 12.

270 909 384 985 Quem
413 911 522 974 deum
550 914 616 976 aut
641 911 759 974 heroa
785 911 871 994 lyra
898 911 960 975 uel
987 933 1037 975 ac.
1065 933 1089 975 s.
1118 933 1148 975 c.
1170 935 1192 975 o.

179 999 241 1063 hoc
263 1021 284 1062 a
305 997 445 1064 Pindaro
470 1001 616 1084 sumpsit.
652 999 798 1082 continet
820 1003 928 1063 autem
946 1000 1026 1064 haec
1045 1000 1106 1064 ode
1125 1001 1192 1064 lau-

180 1087 235 1151 des
264 1088 396 1152 deorum
423 1110 461 1152 ao
489 1089 672 1172 principum
695 1087 925 1154 Romanorum
1016 1089 1036 1152 3
1058 1089 1193 1153 iocosa

139 1193 317 1241 unomen
344 1177 485 1262 imago:
519 1178 612 1262 echo,
639 1177 715 1260 quia
742 1179 831 1242 uelut
859 1177 974 1242 ludens
1003 1179 1192 1263 respondet·²

179 1265 305 1350 imago
329 1269 437 1330 autem
465 1266 593 1351 dieitur,
622 1266 714 1350 quasi
740 1267 889 1350 imitag03
916 1265 1054 1331 Helicon
1082 1271 1192 1331 autem

179 1375 272 1418 mons
305 1359 355 1419 est
386 1355 540 1420 Boeotiae
572 1355 674 1420 Musis
711 1376 818 1439 sacer,
853 1353 976 1419 Pindus
1005 1355 1193 1420 Thessaliae

179 1464 281 1507 mons.
318 1442 509 1509 Lucanus:
533 1444 678 1509 Pindus
703 1445 786 1530 agit
809 1439 984 1528 gemitus,
1049 1445 1067 1508 7
1092 1447 1193 1510 unde

178 1532 349 1596 uocalem
372 1535 395 1596 t.
418 1533 438 1596 i.
462 1554 490 1597 o.
513 1534 533 1597 i.
557 1555 580 1597 s.
626 1532 703 1616 quid
726 1536 776 1598 est
797 1534 961 1600 temere?
994 1537 1102 1598 utrum
1128 1533 1192 1598 ‘in-

139 1636 165 1675 15
179 1619 325 1684 ordinate
347 1625 381 1685 et
403 1621 525 1706 passim
549 1625 646 1706 atque
669 1621 822 1706 confuse,
846 1643 889 1686 an
907 1643 985 1686 uero
1009 1622 1094 1688 ‘sine
1113 1645 1193 1688 cun-

179 1709 321 1774 ctatione
343 1713 377 1774 et
399 1709 515 1774 facile'.
569 1711 589 1774 9
614 1714 696 1776 arte
718 1715 893 1776 materna
914 1711 948 1776 id
971 1715 1035 1776 est:
1057 1715 1192 1778 musica.

178 1795 326 1884 Orpheus
349 1800 436 1864 enim
459 1798 624 1883 Calliopae
646 1799 760 1865 Musae
781 1799 876 1864 filius.
942 1801 982 1866 11
1007 1799 1191 1866 blandum

178 1890 216 1951 et
243 1889 390 1954 auritas
418 1889 565 1954 fidibus
589 1911 615 1953 c.
638 1888 667 1952 d.
691 1912 721 1974 q.
757 1889 941 1976 blandum
969 1890 1107 1956 ducere
1132 1914 1193 1956 sua

178 1976 283 2062 figura
301 1977 382 2042 dixit
399 1981 450 2042 ut:
474 1977 665 2044 Callidum
683 1977 869 2063 quidquid
887 1979 1035 2062 placuit
1057 1980 1194 2045 iocoso

138 2065 341 2130 rosondere
371 2067 487 2140 furto,
576 2070 616 2132 11
645 2067 794 2132 auritas
822 2088 993 2153 quercus.
1033 2070 1203 2134 audentem

177 2152 308 2237 dictum,
328 2154 467 2220 relatum
490 2161 600 2220 tamen
623 2157 664 2220 ad
686 2156 719 2220 id
743 2157 829 2239 quod
847 2161 944 2222 cantu
961 2158 1193 2223 mulcerentur.

117 2253 119 2258 “
268 2242 309 2306 13
332 2243 423 2326 quid
446 2245 554 2327 prius
577 2245 701 2309 dicam
725 2246 855 2310 solitis
879 2247 1061 2331 parentis.
1095 2249 1193 2313 soli·

175 2331 228 2394 tis
255 2331 437 2396 laudibus
464 2337 574 2396 utrum
606 2332 702 2398 ‘mihi
725 2335 843 2400 solitis'
877 2358 920 2400 an
944 2331 1100 2421 ‘uulgo'l

179 2420 218 2482 17
243 2420 341 2484 unde
364 2420 467 2485 nihil
488 2421 610 2487 maius
633 2428 845 2508 generetur
867 2425 963 2509 ipso.
1009 2425 1108 2492 unde
1132 2433 1195 2492 aut

135 2524 161 2563 25
176 2507 216 2570 ad
239 2506 350 2572 Iouem
374 2513 431 2574 aut
454 2511 495 2575 ad
518 2511 675 2578 mundum
697 2512 843 2577 refertur.
888 2514 986 2578 unde
1011 2518 1119 2580 autem
1143 2517 1194 2580 ita

174 2597 331 2681 positum,
362 2602 412 2662 ut:
444 2599 573 2666 Genus
600 2601 699 2664 unde
727 2600 906 2668 Latinum
936 2625 994 2687 pro
1024 2603 1079 2668 ‘ex
1103 2605 1195 2687 quo’.

255 2687 297 2750 21
321 2709 442 2772 neque
465 2693 502 2753 te
527 2689 651 2757 silebo
674 2689 797 2754 Liber.
834 2691 982 2775 adtende,
1005 2693 1092 2776 quod
1115 2716 1195 2777 pro-

174 2775 284 2838 mittat
302 2797 335 2839 se
354 2776 515 2842 dicturum
534 2779 573 2844 de
591 2778 653 2863 his,
670 2801 739 2843 nou
758 2783 868 2844 tamen
887 2781 981 2844 dicat.
1032 2781 1077 2866 25
1096 2804 1195 2865 pue·

175 2885 316 2946 rosque
352 2863 485 2932 Ledae.
545 2867 668 2932 Graeca
707 2868 938 2933 consuetudine
975 2891 1094 2954 pueros
1114 2877 1193 2954 ‘pro

134 2969 160 3008 eo
174 2951 257 3015 filiis.
303 2949 470 3019 Castorem
502 2960 535 3019 et
563 2955 728 3021 Pollucem
761 2957 930 3042 siguificat.
1021 2959 1063 3022 27
1100 2961 1200 3032 alba

173 3040 305 3104 nautis
330 3043 456 3106 stella.
492 3065 579 3109 nuuc
604 3045 758 3109 ‘candida
777 3050 809 3109 et
827 3045 995 3132 benigna',
1018 3051 1092 3112 ute
1114 3070 1195 3113 oon·

246 3220 277 3267 13
296 3215 364 3269 Luc.
385 3221 480 3284 7,,482
537 3223 568 3272 19
589 3219 632 3272 od.
654 3225 677 3288 1,
698 3226 740 3288 10,
761 3227 776 3274 'l
831 3226 867 3275 26
885 3223 969 3290 Verg.
987 3224 1056 3278 Aen.
1078 3231 1104 3292 1,
1126 3231 1141 3278 6

246 3383 259 3428 1
281 3379 465 3446 compatrum,
485 3396 501 3433 o
524 3381 556 3433 iu
578 3399 596 3433 v
615 3395 693 3449 cora,
714 3379 752 3434 M
833 3388 850 3435 3
868 3381 1039 3436 mdraforrcos
1060 3383 1101 3436 M

171 3445 285 3500 heroam
306 3447 343 3500 M
411 3455 443 3502 10
462 3449 544 3504 echo:
563 3453 592 3505 et
610 3452 663 3506 hoc
682 3453 720 3506 M
788 3460 820 3508 13
839 3470 927 3524 agens
946 3454 985 3507 M
1050 3459 1085 3506 22
1106 3453 1187 3508 schol

173 3531 242 3570 acre.
262 3521 298 3570 13
314 3524 378 3585 poet
395 3521 448 3573 seb.
467 3537 494 3573 c.
513 3525 549 3574 17
565 3524 686 3588 positam
704 3525 736 3578 in
755 3525 793 3578 M
826 3527 956 3594 parentes
975 3525 1014 3578 M
1067 3531 1103 3578 23
1125 3525 1183 3578 soli

170 3589 329 3642 tusanM
391 3591 552 3644 16111111
613 3593 778 3660 2711b3M
845 3602 877 3650 31
897 3595 1025 3650 tellaM
