<?xml version="1.0" encoding="UTF-8"?>
<!DOCTYPE html PUBLIC "-//W3C//DTD XHTML 1.0 Transitional//EN"
    "http://www.w3.org/TR/xhtml1/DTD/xhtml1-transitional.dtd">
<html xmlns="http://www.w3.org/1999/xhtml" xml:lang="en" lang="en">
 <head>
  <title>
</title>
<meta http-equiv="Content-Type" content="text/html;charset=utf-8" />
  <meta name='ocr-system' content='tesseract 3.04.00' />
  <meta name='ocr-capabilities' content='ocr_page ocr_carea ocr_par ocr_line ocrx_word'/>
</head>
<body>
  <div class='ocr_page' id='page_1' title='image "./commentuminhora01porpgoog_0175.png"; bbox 0 0 2378 3934; ppageno 0'>
   <div class='ocr_carea' id='block_1_1' title="bbox 429 141 1032 206">
    <p class='ocr_par' dir='ltr' id='par_1_1' title="bbox 429 141 1032 206">
     <span class='ocr_line' id='line_1_1' title="bbox 429 141 1032 206; baseline 0.017 -10"><span class='ocrx_word' id='word_1_1' title='bbox 429 141 577 198; x_wconf 85' lang='lat' dir='ltr'>EPODON</span> <span class='ocrx_word' id='word_1_2' title='bbox 597 150 622 200; x_wconf 86' lang='grc'><strong>9.</strong></span> <span class='ocrx_word' id='word_1_3' title='bbox 969 141 1032 206; x_wconf 86' lang='grc'><strong>159</strong></span> 
     </span>
    </p>
   </div>
   <div class='ocr_carea' id='block_1_2' title="bbox 28 303 1076 3150">
    <p class='ocr_par' dir='ltr' id='par_1_2' title="bbox 28 303 1076 3150">
     <span class='ocr_line' id='line_1_2' title="bbox 36 303 1032 392; baseline 0 -22"><span class='ocrx_word' id='word_1_4' title='bbox 36 305 188 371; x_wconf 63' lang='lat' dir='ltr'><strong>*bibimus&#39;</strong></span> <span class='ocrx_word' id='word_1_5' title='bbox 214 307 484 392; x_wconf 88' lang='lat' dir='ltr'><strong>subaudiendum,</strong></span> <span class='ocrx_word' id='word_1_6' title='bbox 512 328 585 372; x_wconf 90' lang='lat' dir='ltr'><strong>oum</strong></span> <span class='ocrx_word' id='word_1_7' title='bbox 614 304 729 372; x_wconf 80' lang='lat' dir='ltr'><strong>Sextus</strong></span> <span class='ocrx_word' id='word_1_8' title='bbox 754 303 927 390; x_wconf 90' lang='lat' dir='ltr'><strong>Pompeius</strong></span> <span class='ocrx_word' id='word_1_9' title='bbox 949 303 1032 370; x_wconf 86' lang='lat' dir='ltr'><strong>freto</strong></span> 
     </span>
     <span class='ocr_line' id='line_1_3' title="bbox 35 393 1034 481; baseline 0 -21"><span class='ocrx_word' id='word_1_10' title='bbox 35 395 184 461; x_wconf 78' lang='lat' dir='ltr'>Siciliensi</span> <span class='ocrx_word' id='word_1_11' title='bbox 210 397 318 461; x_wconf 75' lang='lat' dir='ltr'><strong>ructus</strong></span> <span class='ocrx_word' id='word_1_12' title='bbox 347 397 544 481; x_wconf 79' lang='lat' dir='ltr'>fugatusque</span> <span class='ocrx_word' id='word_1_13' title='bbox 575 399 634 460; x_wconf 91' lang='lat' dir='ltr'><strong>est.</strong></span> <span class='ocrx_word' id='word_1_14' title='bbox 692 393 894 478; x_wconf 77' lang='lat' dir='ltr'>Neptunium</span> <span class='ocrx_word' id='word_1_15' title='bbox 924 396 1034 460; x_wconf 88' lang='lat' dir='ltr'><strong>antem</strong></span> 
     </span>
     <span class='ocr_line' id='line_1_4' title="bbox 34 482 1033 586; baseline -0.002 -38"><span class='ocrx_word' id='word_1_16' title='bbox 34 485 134 548; x_wconf 88' lang='lat' dir='ltr'><strong>ducem</strong></span> <span class='ocrx_word' id='word_1_17' title='bbox 156 483 292 550; x_wconf 85' lang='lat' dir='ltr'><strong>Sextum</strong></span> <span class='ocrx_word' id='word_1_18' title='bbox 317 484 509 571; x_wconf 90' lang='lat' dir='ltr'><strong>Pompeium</strong></span> <span class='ocrx_word' id='word_1_19' title='bbox 530 485 600 549; x_wconf 92' lang='lat' dir='ltr'><strong>noli</strong></span> <span class='ocrx_word' id='word_1_20' title='bbox 629 482 816 586; x_wconf 84' lang='lat' dir='ltr'><strong>simpliciter</strong></span> <span class='ocrx_word' id='word_1_21' title='bbox 839 483 960 547; x_wconf 86' lang='lat' dir='ltr'><strong>dictum</strong></span> <span class='ocrx_word' id='word_1_22' title='bbox 983 502 1033 546; x_wconf 90' lang='lat' dir='ltr'><strong>ao-</strong></span> 
     </span>
     <span class='ocr_line' id='line_1_5' title="bbox 33 571 1062 748; baseline -0.003 -24"><span class='ocrx_word' id='word_1_23' title='bbox 33 571 1062 748; x_wconf 51' lang='lat' dir='ltr'><strong>{ttltttqtttuttunltttttstttttt⁶</strong></span> 
     </span>
     <span class='ocr_line' id='line_1_6' title="bbox 31 749 1034 836; baseline 0 -24"><span class='ocrx_word' id='word_1_24' title='bbox 31 771 125 814; x_wconf 89' lang='lat' dir='ltr'><strong>rerum</strong></span> <span class='ocrx_word' id='word_1_25' title='bbox 148 751 314 835; x_wconf 84' lang='lat' dir='ltr'><strong>felicitate,</strong></span> <span class='ocrx_word' id='word_1_26' title='bbox 337 755 374 816; x_wconf 89' lang='lat' dir='ltr'><strong>ut</strong></span> <span class='ocrx_word' id='word_1_27' title='bbox 387 750 534 836; x_wconf 77' lang='lat' dir='ltr'>Neptuni</span> <span class='ocrx_word' id='word_1_28' title='bbox 555 751 657 815; x_wconf 90' lang='lat' dir='ltr'><strong>filium</strong></span> <span class='ocrx_word' id='word_1_29' title='bbox 681 771 715 815; x_wconf 88' lang='lat' dir='ltr'><strong>se</strong></span> <span class='ocrx_word' id='word_1_30' title='bbox 735 749 854 814; x_wconf 88' lang='lat' dir='ltr'><strong>diceret</strong></span> <span class='ocrx_word' id='word_1_31' title='bbox 867 753 900 813; x_wconf 88' lang='lat' dir='ltr'><strong>et</strong></span> <span class='ocrx_word' id='word_1_32' title='bbox 914 770 1034 834; x_wconf 87' lang='lat' dir='ltr'><strong>cyanea</strong></span> 
     </span>
     <span class='ocr_line' id='line_1_7' title="bbox 31 838 1033 923; baseline -0.001 -21"><span class='ocrx_word' id='word_1_33' title='bbox 31 843 106 903; x_wconf 89' lang='lat' dir='ltr'><strong>ueste</strong></span> <span class='ocrx_word' id='word_1_34' title='bbox 130 841 357 906; x_wconf 85' lang='lat' dir='ltr'><strong>obduceretur.</strong></span> <span class='ocrx_word' id='word_1_35' title='bbox 437 841 457 906; x_wconf 85' lang='lat'><strong>9</strong></span> <span class='ocrx_word' id='word_1_36' title='bbox 486 841 654 905; x_wconf 90' lang='lat' dir='ltr'><strong>minatus</strong></span> <span class='ocrx_word' id='word_1_37' title='bbox 677 839 763 904; x_wconf 88' lang='lat' dir='ltr'><strong>urbi</strong></span> <span class='ocrx_word' id='word_1_38' title='bbox 785 838 915 902; x_wconf 89' lang='lat' dir='ltr'><strong>uincla</strong></span> <span class='ocrx_word' id='word_1_39' title='bbox 937 859 1033 923; x_wconf 86' lang='lat' dir='ltr'><strong>quae</strong></span> 
     </span>
     <span class='ocr_line' id='line_1_8' title="bbox 30 927 1033 1013; baseline 0 -23"><span class='ocrx_word' id='word_1_40' title='bbox 30 928 245 994; x_wconf 73' lang='lat' dir='ltr'><strong>detraxerat</strong></span> <span class='ocrx_word' id='word_1_41' title='bbox 268 930 391 994; x_wconf 90' lang='lat' dir='ltr'><strong>seruis</strong></span> <span class='ocrx_word' id='word_1_42' title='bbox 421 930 565 994; x_wconf 89' lang='lat' dir='ltr'><strong>amicus</strong></span> <span class='ocrx_word' id='word_1_43' title='bbox 595 927 766 1013; x_wconf 86' lang='lat' dir='ltr'><strong>perfidis.</strong></span> <span class='ocrx_word' id='word_1_44' title='bbox 812 932 844 992; x_wconf 90' lang='lat' dir='ltr'><strong>et</strong></span> <span class='ocrx_word' id='word_1_45' title='bbox 867 950 965 1012; x_wconf 86' lang='lat' dir='ltr'><strong>supra</strong></span> <span class='ocrx_word' id='word_1_46' title='bbox 988 928 1033 991; x_wconf 91' lang='lat' dir='ltr'><strong>di-</strong></span> 
     </span>
     <span class='ocr_line' id='line_1_9' title="bbox 29 1015 1034 1104; baseline 0 -24"><span class='ocrx_word' id='word_1_47' title='bbox 29 1017 120 1082; x_wconf 82' lang='lat' dir='ltr'>ximus</span> <span class='ocrx_word' id='word_1_48' title='bbox 155 1016 293 1083; x_wconf 80' lang='lat' dir='ltr'><strong>Sextum</strong></span> <span class='ocrx_word' id='word_1_49' title='bbox 323 1019 514 1104; x_wconf 91' lang='lat' dir='ltr'><strong>Pompeium</strong></span> <span class='ocrx_word' id='word_1_50' title='bbox 550 1019 648 1083; x_wconf 89' lang='lat' dir='ltr'><strong>etiam</strong></span> <span class='ocrx_word' id='word_1_51' title='bbox 679 1016 827 1104; x_wconf 78' lang='lat' dir='ltr'><strong>fugitiuis</strong></span> <span class='ocrx_word' id='word_1_52' title='bbox 858 1017 894 1080; x_wconf 90' lang='lat' dir='ltr'><strong>in</strong></span> <span class='ocrx_word' id='word_1_53' title='bbox 925 1015 1034 1082; x_wconf 77' lang='lat' dir='ltr'><strong>Sicilie</strong></span> 
     </span>
     <span class='ocr_line' id='line_1_10' title="bbox 30 1105 1074 1172; baseline 0.002 -4"><span class='ocrx_word' id='word_1_54' title='bbox 30 1107 202 1172; x_wconf 86' lang='lat' dir='ltr'><strong>sollicitatis</strong></span> <span class='ocrx_word' id='word_1_55' title='bbox 236 1108 372 1172; x_wconf 79' lang='lat' dir='ltr'><strong>classem</strong></span> <span class='ocrx_word' id='word_1_56' title='bbox 404 1108 558 1172; x_wconf 55' lang='lat' dir='ltr'><strong>armasse(</strong></span> <span class='ocrx_word' id='word_1_57' title='bbox 648 1108 687 1171; x_wconf 94' lang='lat'><strong>11</strong></span> <span class='ocrx_word' id='word_1_58' title='bbox 716 1106 908 1171; x_wconf 86' lang='lat' dir='ltr'><strong>Romanus</strong></span> <span class='ocrx_word' id='word_1_59' title='bbox 939 1105 1034 1171; x_wconf 87' lang='lat' dir='ltr'><strong>eheu</strong></span> <span class='ocrx_word' id='word_1_60' title='bbox 1048 1119 1074 1162; x_wconf 78' lang='lat'><strong>10</strong></span> 
     </span>
     <span class='ocr_line' id='line_1_11' title="bbox 30 1194 1034 1281; baseline 0 -23"><span class='ocrx_word' id='word_1_61' title='bbox 30 1197 167 1277; x_wconf 88' lang='lat' dir='ltr'><strong>posteri</strong></span> <span class='ocrx_word' id='word_1_62' title='bbox 204 1197 404 1281; x_wconf 73' lang='lat' dir='ltr'><strong>negabitis</strong></span> <span class='ocrx_word' id='word_1_63' title='bbox 441 1197 707 1281; x_wconf 87' lang='lat' dir='ltr'><strong>emancipatus</strong></span> <span class='ocrx_word' id='word_1_64' title='bbox 742 1194 919 1260; x_wconf 88' lang='lat' dir='ltr'><strong>feminae.</strong></span> <span class='ocrx_word' id='word_1_65' title='bbox 978 1195 1034 1278; x_wconf 93' lang='lat' dir='ltr'><strong>qui</strong></span> 
     </span>
     <span class='ocr_line' id='line_1_12' title="bbox 30 1283 1033 1370; baseline 0 -25"><span class='ocrx_word' id='word_1_66' title='bbox 30 1305 84 1347; x_wconf 90' lang='lat' dir='ltr'><strong>non</strong></span> <span class='ocrx_word' id='word_1_67' title='bbox 105 1285 316 1370; x_wconf 87' lang='lat' dir='ltr'><strong>intellegunt,</strong></span> <span class='ocrx_word' id='word_1_68' title='bbox 338 1289 457 1370; x_wconf 90' lang='lat' dir='ltr'><strong>putant</strong></span> <span class='ocrx_word' id='word_1_69' title='bbox 478 1285 691 1370; x_wconf 88' lang='lat' dir='ltr'><strong>inportunum</strong></span> <span class='ocrx_word' id='word_1_70' title='bbox 709 1283 883 1348; x_wconf 84' lang='lat' dir='ltr'><strong>transitum</strong></span> <span class='ocrx_word' id='word_1_71' title='bbox 901 1286 1033 1366; x_wconf 77' lang='lat' dir='ltr'><strong>repente</strong></span> 
     </span>
     <span class='ocr_line' id='line_1_13' title="bbox 31 1371 1033 1458; baseline 0 -24"><span class='ocrx_word' id='word_1_72' title='bbox 31 1371 158 1439; x_wconf 82' lang='lat' dir='ltr'><strong>cSexto</strong></span> <span class='ocrx_word' id='word_1_73' title='bbox 183 1373 341 1458; x_wconf 89' lang='lat' dir='ltr'><strong>Pompeio</strong></span> <span class='ocrx_word' id='word_1_74' title='bbox 366 1375 407 1439; x_wconf 92' lang='lat' dir='ltr'><strong>ad</strong></span> <span class='ocrx_word' id='word_1_75' title='bbox 423 1374 604 1440; x_wconf 80' lang='lat' dir='ltr'><strong>Antonium</strong></span> <span class='ocrx_word' id='word_1_76' title='bbox 627 1373 758 1451; x_wconf 87' lang='lat' dir='ltr'><strong>factum,</strong></span> <span class='ocrx_word' id='word_1_77' title='bbox 783 1372 963 1436; x_wconf 71' lang='lat' dir='ltr'><strong>nescientes</strong></span> <span class='ocrx_word' id='word_1_78' title='bbox 985 1391 1033 1435; x_wconf 91' lang='lat' dir='ltr'><strong>re·</strong></span> 
     </span>
     <span class='ocr_line' id='line_1_14' title="bbox 31 1461 1033 1549; baseline -0.002 -24"><span class='ocrx_word' id='word_1_79' title='bbox 31 1461 84 1525; x_wconf 88' lang='lat' dir='ltr'><strong>dire</strong></span> <span class='ocrx_word' id='word_1_80' title='bbox 96 1467 235 1547; x_wconf 89' lang='lat' dir='ltr'><strong>poetam</strong></span> <span class='ocrx_word' id='word_1_81' title='bbox 249 1462 292 1528; x_wconf 89' lang='lat' dir='ltr'><strong>ad</strong></span> <span class='ocrx_word' id='word_1_82' title='bbox 303 1464 434 1528; x_wconf 91' lang='lat' dir='ltr'><strong>initium</strong></span> <span class='ocrx_word' id='word_1_83' title='bbox 448 1464 588 1549; x_wconf 87' lang='lat' dir='ltr'><strong>eclogae,</strong></span> <span class='ocrx_word' id='word_1_84' title='bbox 606 1463 664 1526; x_wconf 89' lang='lat' dir='ltr'><strong>ubi</strong></span> <span class='ocrx_word' id='word_1_85' title='bbox 677 1463 723 1526; x_wconf 86' lang='lat' dir='ltr'><strong>ait</strong></span> <span class='ocrx_word' id='word_1_86' title='bbox 739 1462 888 1526; x_wconf 85' lang='lat' dir='ltr'><strong>uictore</strong></span> <span class='ocrx_word' id='word_1_87' title='bbox 906 1461 1033 1526; x_wconf 89' lang='lat' dir='ltr'><strong>laetus</strong></span> 
     </span>
     <span class='ocr_line' id='line_1_15' title="bbox 29 1546 1074 1637; baseline 0.001 -25"><span class='ocrx_word' id='word_1_88' title='bbox 29 1546 196 1637; x_wconf 84' lang='lat' dir='ltr'><strong>Caesare,</strong></span> <span class='ocrx_word' id='word_1_89' title='bbox 220 1552 279 1617; x_wconf 93' lang='lat' dir='ltr'><strong>ubi</strong></span> <span class='ocrx_word' id='word_1_90' title='bbox 302 1551 352 1616; x_wconf 75' lang='lat' dir='ltr'><strong>‘de</strong></span> <span class='ocrx_word' id='word_1_91' title='bbox 375 1552 520 1618; x_wconf 86' lang='lat' dir='ltr'><strong>Antonio</strong></span> <span class='ocrx_word' id='word_1_92' title='bbox 545 1574 583 1616; x_wconf 87' lang='lat' dir='ltr'><strong>ac</strong></span> <span class='ocrx_word' id='word_1_93' title='bbox 606 1549 779 1635; x_wconf 81' lang='lat' dir='ltr'><strong>Cleopatra</strong></span> <span class='ocrx_word' id='word_1_94' title='bbox 801 1547 935 1615; x_wconf 90' lang='lat' dir='ltr'><strong>uictore&#39;</strong></span> <span class='ocrx_word' id='word_1_95' title='bbox 962 1550 1034 1613; x_wconf 92' lang='lat' dir='ltr'><strong>uult</strong></span> <span class='ocrx_word' id='word_1_96' title='bbox 1048 1561 1074 1604; x_wconf 78' lang='lat'><strong>15</strong></span> 
     </span>
     <span class='ocr_line' id='line_1_16' title="bbox 31 1638 1034 1725; baseline 0.001 -25"><span class='ocrx_word' id='word_1_97' title='bbox 31 1641 126 1724; x_wconf 86' lang='lat' dir='ltr'><strong>accipi.</strong></span> <span class='ocrx_word' id='word_1_98' title='bbox 191 1641 308 1706; x_wconf 90' lang='lat' dir='ltr'><strong>deinde</strong></span> <span class='ocrx_word' id='word_1_99' title='bbox 335 1642 371 1704; x_wconf 93' lang='lat' dir='ltr'><strong>in</strong></span> <span class='ocrx_word' id='word_1_100' title='bbox 399 1641 663 1725; x_wconf 78' lang='lat' dir='ltr'><strong>conparationem</strong></span> <span class='ocrx_word' id='word_1_101' title='bbox 690 1639 869 1723; x_wconf 89' lang='lat' dir='ltr'><strong>praesentis</strong></span> <span class='ocrx_word' id='word_1_102' title='bbox 891 1638 1034 1702; x_wconf 88' lang='lat' dir='ltr'><strong>laetitiae</strong></span> 
     </span>
     <span class='ocr_line' id='line_1_17' title="bbox 30 1727 1034 1814; baseline 0.002 -24"><span class='ocrx_word' id='word_1_103' title='bbox 30 1729 185 1794; x_wconf 84' lang='lat' dir='ltr'><strong>mentione</strong></span> <span class='ocrx_word' id='word_1_104' title='bbox 214 1729 301 1795; x_wconf 82' lang='lat' dir='ltr'><strong>facta</strong></span> <span class='ocrx_word' id='word_1_105' title='bbox 329 1728 418 1796; x_wconf 80' lang='lat' dir='ltr'><strong>Sexti</strong></span> <span class='ocrx_word' id='word_1_106' title='bbox 439 1730 573 1814; x_wconf 91' lang='lat' dir='ltr'><strong>Pompei</strong></span> <span class='ocrx_word' id='word_1_107' title='bbox 602 1733 636 1793; x_wconf 89' lang='lat' dir='ltr'><strong>et</strong></span> <span class='ocrx_word' id='word_1_108' title='bbox 661 1728 759 1814; x_wconf 86' lang='lat' dir='ltr'><strong>fugae</strong></span> <span class='ocrx_word' id='word_1_109' title='bbox 789 1728 856 1792; x_wconf 89' lang='lat' dir='ltr'><strong>eius</strong></span> <span class='ocrx_word' id='word_1_110' title='bbox 879 1727 978 1792; x_wconf 86' lang='lat' dir='ltr'><strong>refert</strong></span> <span class='ocrx_word' id='word_1_111' title='bbox 1001 1748 1034 1792; x_wconf 89' lang='lat' dir='ltr'><strong>se</strong></span> 
     </span>
     <span class='ocr_line' id='line_1_18' title="bbox 32 1816 1034 1904; baseline 0.002 -26"><span class='ocrx_word' id='word_1_112' title='bbox 32 1818 112 1881; x_wconf 85' lang='lat' dir='ltr'><strong>adid</strong></span> <span class='ocrx_word' id='word_1_113' title='bbox 137 1819 231 1903; x_wconf 92' lang='lat' dir='ltr'><strong>quod</strong></span> <span class='ocrx_word' id='word_1_114' title='bbox 255 1823 405 1904; x_wconf 86' lang='lat' dir='ltr'><strong>coeperat</strong></span> <span class='ocrx_word' id='word_1_115' title='bbox 426 1825 455 1884; x_wconf 82' lang='lat' dir='ltr'><strong>ed</strong></span> <span class='ocrx_word' id='word_1_116' title='bbox 477 1818 662 1904; x_wconf 86' lang='lat' dir='ltr'><strong>exsequitur</strong></span> <span class='ocrx_word' id='word_1_117' title='bbox 686 1816 928 1902; x_wconf 80' lang='lat' dir='ltr'><strong>turpitudinem,</strong></span> <span class='ocrx_word' id='word_1_118' title='bbox 952 1837 1034 1899; x_wconf 87' lang='lat' dir='ltr'><strong>quae</strong></span> 
     </span>
     <span class='ocr_line' id='line_1_19' title="bbox 29 1901 1033 1992; baseline 0.003 -23"><span class='ocrx_word' id='word_1_119' title='bbox 29 1905 152 1971; x_wconf 77' lang='lat' dir='ltr'><strong>Antonii</strong></span> <span class='ocrx_word' id='word_1_120' title='bbox 185 1901 393 1992; x_wconf 85' lang='lat' dir='ltr'><strong>partiumque</strong></span> <span class='ocrx_word' id='word_1_121' title='bbox 426 1908 494 1972; x_wconf 91' lang='lat' dir='ltr'><strong>eius</strong></span> <span class='ocrx_word' id='word_1_122' title='bbox 524 1908 596 1974; x_wconf 85' lang='lat' dir='ltr'><strong>fuit.</strong></span> <span class='ocrx_word' id='word_1_123' title='bbox 687 1907 728 1971; x_wconf 89' lang='grc'><strong>11</strong></span> <span class='ocrx_word' id='word_1_124' title='bbox 757 1907 851 1971; x_wconf 91' lang='lat' dir='ltr'><strong>eheu</strong></span> <span class='ocrx_word' id='word_1_125' title='bbox 882 1911 1033 1990; x_wconf 85' lang='lat' dir='ltr'><strong>posteri</strong></span> 
     </span>
     <span class='ocr_line' id='line_1_20' title="bbox 28 1997 1074 2083; baseline 0.001 -25"><span class='ocrx_word' id='word_1_126' title='bbox 28 1997 226 2080; x_wconf 83' lang='lat' dir='ltr'><strong>negabitis.</strong></span> <span class='ocrx_word' id='word_1_127' title='bbox 284 2019 353 2062; x_wconf 91' lang='lat' dir='ltr'><strong>non</strong></span> <span class='ocrx_word' id='word_1_128' title='bbox 388 1997 531 2081; x_wconf 90' lang='lat' dir='ltr'><strong>credent,</strong></span> <span class='ocrx_word' id='word_1_129' title='bbox 562 1997 680 2083; x_wconf 88' lang='lat' dir='ltr'><strong>inquit,</strong></span> <span class='ocrx_word' id='word_1_130' title='bbox 710 1999 833 2082; x_wconf 86' lang='lat' dir='ltr'><strong>posteri</strong></span> <span class='ocrx_word' id='word_1_131' title='bbox 864 1997 1074 2064; x_wconf 82' lang='lat' dir='ltr'><strong>Romanosro</strong></span> 
     </span>
     <span class='ocr_line' id='line_1_21' title="bbox 29 2084 1036 2170; baseline 0.005 -23"><span class='ocrx_word' id='word_1_132' title='bbox 29 2085 134 2150; x_wconf 89' lang='lat' dir='ltr'><strong>milites</strong></span> <span class='ocrx_word' id='word_1_133' title='bbox 169 2087 263 2150; x_wconf 90' lang='lat' dir='ltr'><strong>uelut</strong></span> <span class='ocrx_word' id='word_1_134' title='bbox 299 2086 425 2150; x_wconf 85' lang='lat' dir='ltr'><strong>dotales</strong></span> <span class='ocrx_word' id='word_1_135' title='bbox 458 2084 648 2170; x_wconf 82' lang='lat' dir='ltr'><strong>Cleopatrae</strong></span> <span class='ocrx_word' id='word_1_136' title='bbox 681 2086 784 2152; x_wconf 88' lang='lat' dir='ltr'><strong>datos.</strong></span> <span class='ocrx_word' id='word_1_137' title='bbox 837 2090 905 2151; x_wconf 89' lang='lat' dir='ltr'><strong>tam</strong></span> <span class='ocrx_word' id='word_1_138' title='bbox 938 2087 1036 2153; x_wconf 81' lang='lat' dir='ltr'><strong>foeda</strong></span> 
     </span>
     <span class='ocr_line' id='line_1_22' title="bbox 29 2174 1036 2260; baseline 0.006 -24"><span class='ocrx_word' id='word_1_139' title='bbox 29 2177 92 2237; x_wconf 86' lang='lat' dir='ltr'><strong>sunt</strong></span> <span class='ocrx_word' id='word_1_140' title='bbox 113 2174 214 2260; x_wconf 88' lang='lat' dir='ltr'><strong>haec,</strong></span> <span class='ocrx_word' id='word_1_141' title='bbox 237 2178 364 2240; x_wconf 91' lang='lat' dir='ltr'><strong>utnon</strong></span> <span class='ocrx_word' id='word_1_142' title='bbox 386 2175 557 2240; x_wconf 87' lang='lat' dir='ltr'><strong>uideantur</strong></span> <span class='ocrx_word' id='word_1_143' title='bbox 581 2176 621 2240; x_wconf 86' lang='lat' dir='ltr'><strong>ab</strong></span> <span class='ocrx_word' id='word_1_144' title='bbox 644 2176 711 2242; x_wconf 90' lang='lat' dir='ltr'><strong>ullo</strong></span> <span class='ocrx_word' id='word_1_145' title='bbox 735 2175 884 2242; x_wconf 87' lang='lat' dir='ltr'><strong>Romano</strong></span> <span class='ocrx_word' id='word_1_146' title='bbox 908 2175 1036 2242; x_wconf 87' lang='lat' dir='ltr'><strong>admitti</strong></span> 
     </span>
     <span class='ocr_line' id='line_1_23' title="bbox 29 2263 1036 2344; baseline 0.005 -18"><span class='ocrx_word' id='word_1_147' title='bbox 29 2265 174 2344; x_wconf 88' lang='lat' dir='ltr'><strong>potuisse.</strong></span> <span class='ocrx_word' id='word_1_148' title='bbox 218 2264 297 2329; x_wconf 91' lang='lat' dir='ltr'><strong>ordo</strong></span> <span class='ocrx_word' id='word_1_149' title='bbox 321 2269 372 2328; x_wconf 88' lang='lat' dir='ltr'><strong>est</strong></span> <span class='ocrx_word' id='word_1_150' title='bbox 395 2268 518 2329; x_wconf 91' lang='lat' dir='ltr'><strong>autem:</strong></span> <span class='ocrx_word' id='word_1_151' title='bbox 549 2263 718 2330; x_wconf 87' lang='lat' dir='ltr'><strong>Romanus</strong></span> <span class='ocrx_word' id='word_1_152' title='bbox 749 2265 851 2330; x_wconf 88' lang='lat' dir='ltr'><strong>miles.</strong></span> <span class='ocrx_word' id='word_1_153' title='bbox 926 2266 966 2331; x_wconf 85' lang='lat'><strong>13</strong></span> <span class='ocrx_word' id='word_1_154' title='bbox 999 2270 1036 2331; x_wconf 88' lang='lat' dir='ltr'><strong>et</strong></span> 
     </span>
     <span class='ocr_line' id='line_1_24' title="bbox 29 2353 1035 2440; baseline 0.007 -27"><span class='ocrx_word' id='word_1_155' title='bbox 29 2353 260 2433; x_wconf 89' lang='lat' dir='ltr'><strong>spadonibus</strong></span> <span class='ocrx_word' id='word_1_156' title='bbox 284 2355 431 2418; x_wconf 87' lang='lat' dir='ltr'><strong>seruire</strong></span> <span class='ocrx_word' id='word_1_157' title='bbox 454 2355 607 2440; x_wconf 82' lang='lat' dir='ltr'><strong>rugosis</strong></span> <span class='ocrx_word' id='word_1_158' title='bbox 630 2358 770 2437; x_wconf 89' lang='lat' dir='ltr'><strong>potest.</strong></span> <span class='ocrx_word' id='word_1_159' title='bbox 817 2354 1035 2420; x_wconf 89' lang='lat' dir='ltr'><strong>adiuuandum</strong></span> 
     </span>
     <span class='ocr_line' id='line_1_25' title="bbox 29 2439 1076 2530; baseline 0.002 -28"><span class='ocrx_word' id='word_1_160' title='bbox 29 2439 80 2506; x_wconf 90' lang='lat' dir='ltr'><strong>hoc</strong></span> <span class='ocrx_word' id='word_1_161' title='bbox 101 2442 386 2528; x_wconf 83' lang='lat' dir='ltr'><strong>pronuntiatione,</strong></span> <span class='ocrx_word' id='word_1_162' title='bbox 408 2446 446 2507; x_wconf 94' lang='lat' dir='ltr'><strong>ut</strong></span> <span class='ocrx_word' id='word_1_163' title='bbox 468 2444 569 2508; x_wconf 85' lang='lat' dir='ltr'><strong>atrei</strong></span> <span class='ocrx_word' id='word_1_164' title='bbox 591 2443 770 2528; x_wconf 79' lang='lat' dir='ltr'><strong>indignitas</strong></span> <span class='ocrx_word' id='word_1_165' title='bbox 799 2446 831 2507; x_wconf 89' lang='lat' dir='ltr'><strong>et</strong></span> <span class='ocrx_word' id='word_1_166' title='bbox 853 2444 1076 2530; x_wconf 75' lang='lat' dir='ltr'><strong>indignatione</strong></span> 
     </span>
     <span class='ocr_line' id='line_1_26' title="bbox 30 2528 1035 2617; baseline 0.004 -25"><span class='ocrx_word' id='word_1_167' title='bbox 30 2528 158 2594; x_wconf 86' lang='lat' dir='ltr'><strong>dicentis</strong></span> <span class='ocrx_word' id='word_1_168' title='bbox 192 2530 401 2614; x_wconf 85' lang='lat' dir='ltr'><strong>exprimatur.</strong></span> <span class='ocrx_word' id='word_1_169' title='bbox 493 2533 534 2596; x_wconf 88' lang='grc'><strong>16</strong></span> <span class='ocrx_word' id='word_1_170' title='bbox 562 2532 622 2596; x_wconf 89' lang='lat' dir='ltr'><strong>sol</strong></span> <span class='ocrx_word' id='word_1_171' title='bbox 652 2531 795 2616; x_wconf 89' lang='lat' dir='ltr'><strong>aspicit</strong></span> <span class='ocrx_word' id='word_1_172' title='bbox 824 2533 1035 2617; x_wconf 87' lang='lat' dir='ltr'><strong>conopium.</strong></span> 
     </span>
     <span class='ocr_line' id='line_1_27' title="bbox 32 2620 1036 2706; baseline 0.005 -27"><span class='ocrx_word' id='word_1_173' title='bbox 32 2620 199 2704; x_wconf 83' lang='lat' dir='ltr'><strong>conopium</strong></span> <span class='ocrx_word' id='word_1_174' title='bbox 224 2621 317 2704; x_wconf 86' lang='lat' dir='ltr'><strong>quasi</strong></span> <span class='ocrx_word' id='word_1_175' title='bbox 339 2621 416 2686; x_wconf 89' lang='lat' dir='ltr'><strong>retis</strong></span> <span class='ocrx_word' id='word_1_176' title='bbox 436 2641 538 2706; x_wconf 85' lang='lat' dir='ltr'><strong>genus</strong></span> <span class='ocrx_word' id='word_1_177' title='bbox 553 2624 603 2686; x_wconf 89' lang='lat' dir='ltr'><strong>est</strong></span> <span class='ocrx_word' id='word_1_178' title='bbox 621 2621 662 2684; x_wconf 93' lang='lat' dir='ltr'><strong>ad</strong></span> <span class='ocrx_word' id='word_1_179' title='bbox 677 2621 794 2686; x_wconf 86' lang='lat' dir='ltr'><strong>culices</strong></span> <span class='ocrx_word' id='word_1_180' title='bbox 807 2621 1036 2705; x_wconf 86' lang='lat' dir='ltr'><strong>prohibendos,</strong></span> 
     </span>
     <span class='ocr_line' id='line_1_28' title="bbox 31 2707 1034 2795; baseline 0.004 -25"><span class='ocrx_word' id='word_1_181' title='bbox 31 2726 82 2788; x_wconf 89' lang='lat' dir='ltr'><strong>quo</strong></span> <span class='ocrx_word' id='word_1_182' title='bbox 110 2709 254 2774; x_wconf 87' lang='lat' dir='ltr'><strong>maxime</strong></span> <span class='ocrx_word' id='word_1_183' title='bbox 282 2707 496 2774; x_wconf 85' lang='lat' dir='ltr'><strong>Alexandrini</strong></span> <span class='ocrx_word' id='word_1_184' title='bbox 523 2713 674 2795; x_wconf 89' lang='lat' dir='ltr'><strong>utuntur,</strong></span> <span class='ocrx_word' id='word_1_185' title='bbox 706 2711 782 2794; x_wconf 92' lang='lat' dir='ltr'><strong>quia</strong></span> <span class='ocrx_word' id='word_1_186' title='bbox 813 2709 859 2774; x_wconf 91' lang='lat' dir='ltr'><strong>ibi</strong></span> <span class='ocrx_word' id='word_1_187' title='bbox 891 2731 929 2772; x_wconf 91' lang='lat' dir='ltr'><strong>ex</strong></span> <span class='ocrx_word' id='word_1_188' title='bbox 958 2707 1034 2774; x_wconf 88' lang='lat' dir='ltr'><strong>Nilo</strong></span> 
     </span>
     <span class='ocr_line' id='line_1_29' title="bbox 30 2797 1035 2865; baseline 0.004 -7"><span class='ocrx_word' id='word_1_189' title='bbox 30 2797 137 2862; x_wconf 80' lang='lat' dir='ltr'><strong>rubees</strong></span> <span class='ocrx_word' id='word_1_190' title='bbox 167 2797 368 2862; x_wconf 89' lang='lat' dir='ltr'><strong>habundant.</strong></span> <span class='ocrx_word' id='word_1_191' title='bbox 438 2800 477 2863; x_wconf 78' lang='lat'><strong>17</strong></span> <span class='ocrx_word' id='word_1_192' title='bbox 508 2798 552 2864; x_wconf 87' lang='lat' dir='ltr'><strong>ad</strong></span> <span class='ocrx_word' id='word_1_193' title='bbox 583 2799 683 2865; x_wconf 90' lang='lat' dir='ltr'><strong>hunc</strong></span> <span class='ocrx_word' id='word_1_194' title='bbox 715 2799 923 2863; x_wconf 85' lang='lat' dir='ltr'><strong>frementes</strong></span> <span class='ocrx_word' id='word_1_195' title='bbox 952 2819 1035 2863; x_wconf 90' lang='lat' dir='ltr'><strong>uer-</strong></span> 
     </span>
     <span class='ocr_line' id='line_1_30' title="bbox 30 2885 1076 2972; baseline 0.006 -28"><span class='ocrx_word' id='word_1_196' title='bbox 30 2885 154 2950; x_wconf 90' lang='lat' dir='ltr'><strong>terunt</strong></span> <span class='ocrx_word' id='word_1_197' title='bbox 168 2887 228 2951; x_wconf 90' lang='lat' dir='ltr'><strong>bis</strong></span> <span class='ocrx_word' id='word_1_198' title='bbox 246 2887 353 2950; x_wconf 90' lang='lat' dir='ltr'><strong>mille</strong></span> <span class='ocrx_word' id='word_1_199' title='bbox 373 2909 491 2972; x_wconf 90' lang='lat' dir='ltr'><strong>equos</strong></span> <span class='ocrx_word' id='word_1_200' title='bbox 507 2887 610 2953; x_wconf 81' lang='lat' dir='ltr'><strong>Galli</strong></span> <span class='ocrx_word' id='word_1_201' title='bbox 626 2891 810 2954; x_wconf 87' lang='lat' dir='ltr'><strong>canentes</strong></span> <span class='ocrx_word' id='word_1_202' title='bbox 825 2885 1036 2954; x_wconf 81' lang='lat' dir='ltr'><strong>Caesarem.</strong></span> <span class='ocrx_word' id='word_1_203' title='bbox 1050 2908 1076 2950; x_wconf 85' lang='lat' dir='ltr'><strong>eo</strong></span> 
     </span>
     <span class='ocr_line' id='line_1_31' title="bbox 30 2973 1037 3062; baseline 0.004 -24"><span class='ocrx_word' id='word_1_204' title='bbox 30 2973 182 3040; x_wconf 76' lang='lat' dir='ltr'><strong>teadem</strong></span> <span class='ocrx_word' id='word_1_205' title='bbox 214 2975 340 3060; x_wconf 72' lang='lat' dir='ltr'><strong>gallis</strong></span> <span class='ocrx_word' id='word_1_206' title='bbox 365 2977 525 3062; x_wconf 88' lang='lat' dir='ltr'><strong>significat</strong></span> <span class='ocrx_word' id='word_1_207' title='bbox 558 2980 666 3042; x_wconf 89' lang='lat' dir='ltr'><strong>autem</strong></span> <span class='ocrx_word' id='word_1_208' title='bbox 699 2977 843 3061; x_wconf 90' lang='lat' dir='ltr'><strong>equitum</strong></span> <span class='ocrx_word' id='word_1_209' title='bbox 870 2976 1037 3042; x_wconf 82' lang='lat' dir='ltr'><strong>Gallorum</strong></span> 
     </span>
     <span class='ocr_line' id='line_1_32' title="bbox 32 3060 1036 3150; baseline 0.008 -29"><span class='ocrx_word' id='word_1_210' title='bbox 32 3060 82 3126; x_wconf 89' lang='lat' dir='ltr'><strong>duo</strong></span> <span class='ocrx_word' id='word_1_211' title='bbox 113 3064 209 3128; x_wconf 85' lang='lat' dir='ltr'><strong>milia</strong></span> <span class='ocrx_word' id='word_1_212' title='bbox 242 3065 283 3128; x_wconf 86' lang='lat' dir='ltr'><strong>ab</strong></span> <span class='ocrx_word' id='word_1_213' title='bbox 315 3065 442 3130; x_wconf 82' lang='lat' dir='ltr'><strong>Antoni</strong></span> <span class='ocrx_word' id='word_1_214' title='bbox 472 3066 618 3150; x_wconf 87' lang='lat' dir='ltr'><strong>partibus</strong></span> <span class='ocrx_word' id='word_1_215' title='bbox 655 3066 696 3130; x_wconf 91' lang='lat' dir='ltr'><strong>ad</strong></span> <span class='ocrx_word' id='word_1_216' title='bbox 726 3065 896 3132; x_wconf 79' lang='lat' dir='ltr'><strong>Caesarem</strong></span> <span class='ocrx_word' id='word_1_217' title='bbox 931 3070 1036 3130; x_wconf 87' lang='lat' dir='ltr'><strong>trans·</strong></span> 
     </span>
    </p>
   </div>
   <div class='ocr_carea' id='block_1_3' title="bbox 4 3221 1039 3718">
    <p class='ocr_par' dir='ltr' id='par_1_3' title="bbox 4 3221 1039 3718">
     <span class='ocr_line' id='line_1_33' title="bbox 93 3221 1003 3278; baseline 0 -3"><span class='ocrx_word' id='word_1_218' title='bbox 93 3228 106 3274; x_wconf 92' lang='lat'>1</span> <span class='ocrx_word' id='word_1_219' title='bbox 128 3221 267 3276; x_wconf 73' lang='lat' dir='ltr'><strong>bibimusr</strong></span> <span class='ocrx_word' id='word_1_220' title='bbox 286 3223 403 3276; x_wconf 77' lang='lat' dir='ltr'><strong>urbibus</strong></span> <span class='ocrx_word' id='word_1_221' title='bbox 423 3223 461 3276; x_wconf 89' lang='lat' dir='ltr'><em>M</em></span> <span class='ocrx_word' id='word_1_222' title='bbox 513 3229 529 3276; x_wconf 81' lang='lat'>2</span> <span class='ocrx_word' id='word_1_223' title='bbox 549 3223 670 3278; x_wconf 80' lang='lat' dir='ltr'><strong>sicilicus</strong></span> <span class='ocrx_word' id='word_1_224' title='bbox 684 3242 708 3278; x_wconf 89' lang='lat' dir='ltr'><strong>sr</strong></span> <span class='ocrx_word' id='word_1_225' title='bbox 725 3225 762 3277; x_wconf 90' lang='lat' dir='ltr'><strong><em>M</em></strong></span> <span class='ocrx_word' id='word_1_226' title='bbox 814 3231 829 3278; x_wconf 90' lang='lat'>8</span> <span class='ocrx_word' id='word_1_227' title='bbox 849 3239 945 3278; x_wconf 87' lang='lat' dir='ltr'><strong>seruus</strong></span> <span class='ocrx_word' id='word_1_228' title='bbox 965 3222 1003 3275; x_wconf 89' lang='lat' dir='ltr'><em>M</em></span> 
     </span>
     <span class='ocr_line' id='line_1_34' title="bbox 4 3293 1037 3364; baseline 0.009 -24"><span class='ocrx_word' id='word_1_229' title='bbox 4 3295 60 3364; x_wconf 18' lang='lat'><strong>,10</strong></span> <span class='ocrx_word' id='word_1_230' title='bbox 75 3309 208 3347; x_wconf 83' lang='lat' dir='ltr'><strong>romanos</strong></span> <span class='ocrx_word' id='word_1_231' title='bbox 228 3293 268 3345; x_wconf 87' lang='grc' dir='ltr'>Μ</span> <span class='ocrx_word' id='word_1_232' title='bbox 325 3300 359 3346; x_wconf 85' lang='grc'><strong>14</strong></span> <span class='ocrx_word' id='word_1_233' title='bbox 377 3293 477 3363; x_wconf 81' lang='lat' dir='ltr'><strong>egloge</strong></span> <span class='ocrx_word' id='word_1_234' title='bbox 497 3294 535 3347; x_wconf 88' lang='lat' dir='ltr'><strong><em>M</em></strong></span> <span class='ocrx_word' id='word_1_235' title='bbox 591 3297 707 3350; x_wconf 78' lang='lat' dir='ltr'><strong>uictore.</strong></span> <span class='ocrx_word' id='word_1_236' title='bbox 725 3295 744 3348; x_wconf 91' lang='grc'><strong>1.</strong></span> <span class='ocrx_word' id='word_1_237' title='bbox 764 3311 786 3348; x_wconf 88' lang='lat' dir='ltr'><strong>e.</strong></span> <span class='ocrx_word' id='word_1_238' title='bbox 807 3294 845 3347; x_wconf 89' lang='lat' dir='ltr'><em>M</em></span> <span class='ocrx_word' id='word_1_239' title='bbox 902 3299 935 3348; x_wconf 78' lang='lat'><strong>15</strong></span> <span class='ocrx_word' id='word_1_240' title='bbox 955 3310 1037 3349; x_wconf 76' lang='lat' dir='ltr'><strong>acze</strong></span> 
     </span>
     <span class='ocr_line' id='line_1_35' title="bbox 35 3361 1036 3434; baseline 0.009 -22"><span class='ocrx_word' id='word_1_241' title='bbox 35 3361 64 3412; x_wconf 85' lang='lat' dir='ltr'><em>M</em></span> <span class='ocrx_word' id='word_1_242' title='bbox 120 3370 158 3417; x_wconf 91' lang='lat'><strong>16</strong></span> <span class='ocrx_word' id='word_1_243' title='bbox 176 3363 276 3418; x_wconf 89' lang='lat' dir='ltr'><strong>deinde</strong></span> <span class='ocrx_word' id='word_1_244' title='bbox 295 3363 325 3416; x_wconf 93' lang='lat' dir='ltr'><strong>in</strong></span> <span class='ocrx_word' id='word_1_245' title='bbox 343 3380 406 3418; x_wconf 82' lang='lat' dir='ltr'><strong>uos:</strong></span> <span class='ocrx_word' id='word_1_246' title='bbox 424 3364 490 3419; x_wconf 88' lang='lat' dir='ltr'><strong>dern</strong></span> <span class='ocrx_word' id='word_1_247' title='bbox 505 3365 543 3418; x_wconf 93' lang='lat' dir='ltr'><em>M</em></span> <span class='ocrx_word' id='word_1_248' title='bbox 599 3368 800 3434; x_wconf 77' lang='lat' dir='ltr'><strong>conparenone</strong></span> <span class='ocrx_word' id='word_1_249' title='bbox 818 3368 958 3434; x_wconf 84' lang='lat' dir='ltr'><strong>presentrs</strong></span> <span class='ocrx_word' id='word_1_250' title='bbox 974 3383 1036 3434; x_wconf 87' lang='lat' dir='ltr'><strong>pre·</strong></span> 
     </span>
     <span class='ocr_line' id='line_1_36' title="bbox 34 3433 1037 3492; baseline 0.008 -10"><span class='ocrx_word' id='word_1_251' title='bbox 34 3433 109 3486; x_wconf 81' lang='lat' dir='ltr'><strong>sentus</strong></span> <span class='ocrx_word' id='word_1_252' title='bbox 130 3435 170 3486; x_wconf 95' lang='lat' dir='ltr'><em>M</em></span> <span class='ocrx_word' id='word_1_253' title='bbox 224 3441 256 3488; x_wconf 77' lang='lat'><strong>17</strong></span> <span class='ocrx_word' id='word_1_254' title='bbox 276 3435 388 3490; x_wconf 82' lang='lat' dir='ltr'><strong>referat·</strong></span> <span class='ocrx_word' id='word_1_255' title='bbox 408 3436 457 3490; x_wconf 88' lang='lat' dir='ltr'><strong>sed</strong></span> <span class='ocrx_word' id='word_1_256' title='bbox 474 3436 504 3489; x_wconf 92' lang='lat' dir='ltr'><strong>1d</strong></span> <span class='ocrx_word' id='word_1_257' title='bbox 524 3436 562 3488; x_wconf 95' lang='lat' dir='ltr'><em>M</em></span> <span class='ocrx_word' id='word_1_258' title='bbox 620 3442 652 3490; x_wconf 90' lang='lat'><strong>18</strong></span> <span class='ocrx_word' id='word_1_259' title='bbox 672 3440 701 3490; x_wconf 87' lang='lat' dir='ltr'><strong>et</strong></span> <span class='ocrx_word' id='word_1_260' title='bbox 720 3437 818 3492; x_wconf 77' lang='lat' dir='ltr'><strong>addidi</strong></span> <span class='ocrx_word' id='word_1_261' title='bbox 879 3435 1037 3490; x_wconf 81' lang='lat' dir='ltr'><strong>21m1htas</strong></span> 
     </span>
     <span class='ocr_line' id='line_1_37' title="bbox 36 3503 1036 3574; baseline 0.004 -20"><span class='ocrx_word' id='word_1_262' title='bbox 36 3517 60 3554; x_wconf 73' lang='lat' dir='ltr'><strong>ec</strong></span> <span class='ocrx_word' id='word_1_263' title='bbox 75 3503 193 3560; x_wconf 75' lang='lat' dir='ltr'><strong>militias</strong></span> <span class='ocrx_word' id='word_1_264' title='bbox 212 3521 282 3560; x_wconf 75' lang='lat' dir='ltr'><strong>corr.</strong></span> <span class='ocrx_word' id='word_1_265' title='bbox 301 3523 335 3560; x_wconf 82' lang='lat' dir='ltr'><strong>m.</strong></span> <span class='ocrx_word' id='word_1_266' title='bbox 355 3512 383 3561; x_wconf 83' lang='lat'><strong>2.</strong></span> <span class='ocrx_word' id='word_1_267' title='bbox 405 3507 444 3559; x_wconf 88' lang='lat' dir='ltr'><em>M</em></span> <span class='ocrx_word' id='word_1_268' title='bbox 504 3506 648 3574; x_wconf 78' lang='lat' dir='ltr'><strong>cleopatra</strong></span> <span class='ocrx_word' id='word_1_269' title='bbox 671 3507 710 3560; x_wconf 90' lang='lat' dir='ltr'><em>M</em></span> <span class='ocrx_word' id='word_1_270' title='bbox 771 3513 804 3560; x_wconf 81' lang='lat'><strong>23</strong></span> <span class='ocrx_word' id='word_1_271' title='bbox 824 3507 847 3559; x_wconf 73' lang='lat'><strong>81</strong></span> <span class='ocrx_word' id='word_1_272' title='bbox 865 3506 1036 3574; x_wconf 84' lang='lat' dir='ltr'><strong>spadonrbus</strong></span> 
     </span>
     <span class='ocr_line' id='line_1_38' title="bbox 36 3575 1037 3646; baseline -0.004 -16"><span class='ocrx_word' id='word_1_273' title='bbox 36 3578 71 3628; x_wconf 71' lang='lat' dir='ltr'><strong>ele.</strong></span> <span class='ocrx_word' id='word_1_274' title='bbox 89 3576 186 3632; x_wconf 77' lang='lat' dir='ltr'><strong>emma</strong></span> <span class='ocrx_word' id='word_1_275' title='bbox 204 3577 324 3632; x_wconf 58' lang='lat' dir='ltr'><strong>detinni</strong></span> <span class='ocrx_word' id='word_1_276' title='bbox 344 3579 378 3631; x_wconf 86' lang='lat' dir='ltr'><strong>ab</strong></span> <span class='ocrx_word' id='word_1_277' title='bbox 397 3579 444 3643; x_wconf 80' lang='lat' dir='ltr'><strong>eds,</strong></span> <span class='ocrx_word' id='word_1_278' title='bbox 462 3593 532 3646; x_wconf 77' lang='lat' dir='ltr'><strong>quae</strong></span> <span class='ocrx_word' id='word_1_279' title='bbox 550 3578 713 3632; x_wconf 77' lang='lat' dir='ltr'><strong>antecedunt</strong></span> <span class='ocrx_word' id='word_1_280' title='bbox 802 3582 835 3629; x_wconf 78' lang='lat'><strong>27</strong></span> <span class='ocrx_word' id='word_1_281' title='bbox 859 3578 902 3628; x_wconf 82' lang='lat' dir='ltr'><strong>est</strong></span> <span class='ocrx_word' id='word_1_282' title='bbox 920 3575 956 3627; x_wconf 87' lang='lat' dir='ltr'><strong>ad</strong></span> <span class='ocrx_word' id='word_1_283' title='bbox 974 3591 1037 3628; x_wconf 80' lang='lat' dir='ltr'><strong>nos:</strong></span> 
     </span>
     <span class='ocr_line' id='line_1_39' title="bbox 36 3642 1039 3718; baseline -0.006 -18"><span class='ocrx_word' id='word_1_284' title='bbox 36 3642 100 3699; x_wconf 76' lang='lat' dir='ltr'><strong>ded</strong></span> <span class='ocrx_word' id='word_1_285' title='bbox 120 3647 162 3701; x_wconf 94' lang='lat' dir='ltr'><em>M</em></span> <span class='ocrx_word' id='word_1_286' title='bbox 212 3653 246 3704; x_wconf 74' lang='lat'><strong>28</strong></span> <span class='ocrx_word' id='word_1_287' title='bbox 264 3647 319 3703; x_wconf 83' lang='lat' dir='ltr'><strong>ibi:</strong></span> <span class='ocrx_word' id='word_1_288' title='bbox 339 3649 369 3704; x_wconf 88' lang='lat' dir='ltr'><strong>br</strong></span> <span class='ocrx_word' id='word_1_289' title='bbox 386 3647 727 3718; x_wconf 72' lang='lat' dir='ltr'><strong>suprubsorcptahM</strong></span> <span class='ocrx_word' id='word_1_290' title='bbox 779 3651 814 3699; x_wconf 85' lang='lat'><strong>30</strong></span> <span class='ocrx_word' id='word_1_291' title='bbox 831 3645 876 3698; x_wconf 85' lang='lat' dir='ltr'><strong>bre</strong></span> <span class='ocrx_word' id='word_1_292' title='bbox 894 3661 927 3698; x_wconf 78' lang='lat' dir='ltr'><strong>ex</strong></span> <span class='ocrx_word' id='word_1_293' title='bbox 945 3643 1039 3696; x_wconf 81' lang='lat' dir='ltr'><strong>brlM</strong></span> 
     </span>
    </p>
   </div>
   <div class='ocr_carea' id='block_1_4' title="bbox 0 0 1194 3934">
    <p class='ocr_par' dir='ltr' id='par_1_4' title="bbox 0 0 1194 3934">
     <span class='ocr_line' id='line_1_40' title="bbox 0 0 1194 3934; baseline 0 1"><span class='ocrx_word' id='word_1_294' title='bbox 0 0 1194 3934; x_wconf 95' lang='lat' dir='ltr'><strong> </strong></span> 
     </span>
    </p>
   </div>
  </div>
 </body>
</html>
