2378 3934
140 140 204 205 134
512 139 584 194 ODE
604 138 650 208 IV,
670 145 686 194 8
705 140 735 193 et
753 145 777 194 9.

137 325 255 368 canum
279 300 461 388 Scipionem
485 301 655 386 significat.
739 301 783 366 19
804 299 950 365 clarius
974 299 1133 364 indicant
1175 307 1176 320 ¹

136 392 271 458 laudes
309 413 419 476 quam
456 389 636 456 Calabrae
668 388 848 456 Pierides.
908 390 1008 474 faeta,
1035 389 1134 474 inquit,

138 483 298 547 clarorum
321 481 465 546 uirorum
492 479 556 544 nisi
579 479 775 544 carminibus
798 479 1013 542 inlustrantur
1035 481 1136 544 aetatis
1169 521 1174 528 ·

138 592 215 636 suae
238 571 426 636 memoriam
449 591 516 634 non
535 569 700 634 excedunt.
760 568 803 633 20
827 589 938 651 quarn
961 565 1136 633 Calabrae

111 658 321 724 ePierides.
371 681 430 724 sua
456 658 528 722 uult
554 658 700 743 intellegi
729 657 887 741 carmina,
914 656 991 740 quie
1013 657 1047 720 in
1067 658 1135 721 urbe
1176 681 1177 704 ³

137 746 283 813 Uenusia
305 753 400 813 natas
421 752 473 831 est,
497 768 578 830 quae
602 747 708 811 estin
731 744 881 812 Calabria
904 749 1000 829 atque
1020 744 1136 830 Apulia.

227 837 268 900 27
293 835 486 900 diuitibus
510 839 716 900 consecrat
737 835 889 900 insulis
930 835 1053 900 insulas
1071 835 1138 900 dicit

138 946 218 1008 quas
241 920 429 1010 μακάρων
453 919 601 1008 νήσους
622 924 825 1018 Homerus,
847 922 957 988 Latini
974 924 1137 988 fortuna-

137 1016 263 1079 torum
286 1013 436 1079 insulas
460 1014 634 1098 appellant.
725 1013 767 1078 29
792 1013 899 1078 caelo
922 1011 1031 1078 Musa
1055 1014 1138 1078 beat.
1177 1040 1178 1052 ¹

98 1126 124 1167 ro
139 1102 244 1168 caelo
268 1102 358 1167 beat
384 1103 417 1167 id
441 1105 504 1168 est:
535 1102 615 1167 caeli
637 1102 841 1187 possessione
863 1101 995 1166 beatum
1017 1101 1137 1166 facitne
1177 1147 1178 1154 κ

137 1213 197 1275 per
209 1191 272 1256 hoc
285 1191 491 1256 inmortalem
504 1191 617 1256 reddit.
677 1192 718 1257 31
744 1191 889 1256 clerum
907 1190 1139 1274 Tyndaridae

139 1280 253 1345 sidus.
308 1279 418 1365 σχῆμα
446 1275 654 1364 ἐπεξήγησις,
686 1281 762 1365 quia
792 1279 997 1364 Tyndaridae
1027 1279 1138 1344 clarum

139 1368 226 1434 sidus
255 1374 340 1434 sunt.
387 1391 482 1454 saepe
506 1373 614 1434 autem
636 1369 758 1435 dictum
781 1372 843 1454 est,
874 1369 983 1433 stellas
1006 1366 1140 1448 Castoris

52 1515 54 1522 ,
139 1479 177 1523 ac
198 1457 340 1524 Pollucis
362 1458 595 1544 nauigantibus
619 1480 709 1543 spem
732 1457 898 1524 meliorem
921 1457 1097 1522 ostendere.

98 1662 124 1702 a
565 1633 638 1688 ona
657 1640 682 1702 4,
702 1641 727 1690 e.

227 1738 282 1806 Ne
314 1742 416 1807 forte
449 1742 583 1807 credas
615 1743 835 1808 interitura
892 1742 972 1808 haec
1004 1735 1075 1830 ᾠδὴ
1108 1741 1141 1806 ad

138 1829 285 1908 Marcum
303 1829 443 1897 Lollium
462 1831 583 1916 scripta
605 1834 655 1896 est
678 1833 893 1916 consularem3
917 1853 981 1918 qua
1004 1831 1144 1896 adfirmat

138 1921 406 1986 inmortalitatem
427 1920 578 1986 habitura
602 1920 722 2004 scripta
745 1943 812 2007 sua,
835 1921 983 2005 quamuis
1007 1922 1073 1985 sint
1095 1921 1142 1985 alii

109 2021 112 2026 “
138 2013 215 2075 ante
244 2032 277 2075 se
305 2011 461 2088 meliores,
480 2013 609 2096 poetae;
640 2031 717 2074 nam
744 2032 804 2075 nec
830 2009 966 2075 Homeri
989 2009 1142 2096 magnitu-

98 2124 125 2164 ιο
139 2098 247 2164 dinem
271 2099 410 2183 obstare,
432 2122 496 2183 quo
520 2100 627 2164 minus
645 2098 804 2180 Pindarus
827 2102 860 2164 et
883 2099 937 2164 alii
951 2102 1072 2183 poetae
1095 2099 1144 2183 qui

137 2190 213 2270 post
243 2208 317 2250 cunr
346 2189 410 2253 orti
441 2191 518 2251 sunt
549 2188 628 2252 clari
658 2187 849 2254 habeantur.
907 2189 1012 2273 prima
1042 2191 1144 2252 eutem

138 2273 265 2359 syllaba
288 2267 377 2362 ᾠδῆς
399 2276 496 2340 huius
520 2276 719 2342 circumflexe
746 2277 945 2342 enuntianda
969 2281 1027 2362 cst,
1049 2281 1085 2342 ut
1107 2277 1145 2342 sit

139 2361 191 2426 ‘ne
215 2363 338 2427 credas'
361 2364 394 2428 id
418 2368 467 2429 est
490 2363 543 2429 ‘ne
567 2364 758 2430 credideris'.
810 2367 830 2432 3
854 2387 931 2431 non
955 2370 1044 2431 ante
1066 2366 1144 2430 uul-

138 2455 249 2536 gatas
278 2474 345 2536 per
373 2457 486 2518 artes.
545 2454 702 2540 gloriatur
730 2476 763 2520 se
790 2457 930 2538 primum
959 2456 1061 2540 lyrica
1082 2476 1143 2519 cer·

97 2563 124 2606 rs
137 2541 227 2606 mina
248 2539 366 2606 Latina
388 2544 503 2630 lingua
526 2565 639 2608 ausum
663 2543 810 2608 scribere.
875 2546 893 2609 7
919 2542 1089 2628 Ceaeque
1111 2545 1145 2607 et

137 2629 272 2696 Alcaei
294 2631 473 2698 minaces.
506 2629 686 2697 Simonides
709 2634 829 2717 lyricus
852 2636 950 2718 poeta
974 2631 1056 2699 Ceus
1077 2632 1144 2716 fuit,

137 2719 170 2784 id
194 2724 256 2786 est:
280 2742 318 2784 ex
342 2719 407 2787 Cea
434 2721 549 2786 insula.
607 2722 775 2787 minaces
803 2726 911 2787 autem
939 2719 1071 2787 Alcaei
1097 2743 1143 2785 ea-

137 2831 251 2874 menae
275 2809 434 2896 dicuntur,
458 2811 610 2896 quoniam
635 2811 715 2876 adeo
739 2833 868 2876 amarus
891 2812 963 2896 fuit,
986 2815 1024 2876 ut
1044 2813 1142 2875 auste-

137 2897 233 2961 ritate
258 2900 419 2964 carminis
433 2901 483 2966 sui
505 2901 624 2964 multos
648 2900 778 2965 ciuitate
809 2901 946 2966 eiecerit.
1037 2900 1057 2964 9
1078 2919 1143 2964 nec

208 3073 382 3128 laccedunt
400 3075 438 3128 M
526 3079 632 3129 denae
652 3075 691 3129 M
778 3075 883 3130 urbebe
901 3092 1004 3130 nusrna
1023 3089 1090 3144 quae
1109 3073 1146 3128 M

136 3143 261 3199 Uenusia
278 3161 343 3199 aas:
365 3145 508 3201 Venusina
531 3164 549 3214 ς
631 3152 648 3202 8
666 3162 797 3202 macaron
816 3163 913 3201 nessus
933 3147 972 3200 M
975 3167 986 3212 ;
1004 3145 1144 3201 scholiasta

136 3216 250 3282 errauit,
269 3217 337 3284 qaia
355 3217 491 3272 Homerus
508 3217 558 3272 boc
576 3221 732 3288 coyaoms‘ae
748 3233 816 3272 aeas
833 3233 890 3272 noa
909 3222 954 3273 cst.
981 3223 1092 3272 cesama
1109 3216 1144 3284 cf.

139 3283 224 3339 Orelli
242 3287 279 3340 ad
298 3290 472 3355 epod.16,1
551 3295 665 3372 emesa
682 3289 766 3344 abeat
785 3289 824 3342 M
903 3295 936 3371 lq
956 3288 1096 3370 caelebeat
1114 3288 1143 3354 (a

137 3361 421 3482 crescam>
434 3354 557 3498 caus
571 3358 1145 3498 scarus

210 3500 242 3548 1⁷
261 3498 286 3548 et
306 3500 338 3548 18
358 3497 462 3552 scnbta
481 3499 519 3552 M
604 3504 636 3552 21
656 3502 757 3568 postea
773 3502 858 3554 morti
877 3501 916 3554 Μ
1003 3506 1036 3554 22
1054 3495 1144 3558 ωὰΗ(

138 3561 177 3616 Μ
240 3569 274 3618 23
293 3565 443 3620 credrderrs
461 3568 493 3621 ia
511 3584 579 3622 corr.
599 3585 633 3622 m¹
652 3575 677 3624 1.
699 3571 738 3625 Μ
802 3576 837 3626 25
856 3587 888 3642 ce
908 3587 997 3640 aeque
1016 3571 1054 3624 Μ
1110 3573 1143 3622 26

137 3639 257 3689 eaeuset
275 3649 327 3706 eea
346 3635 384 3690 Μ
454 3641 487 3690 27
506 3637 600 3710 alcaee
620 3639 658 3693 M
714 3647 749 3697 28
767 3641 830 3696 rdeo
850 3642 889 3696 M
945 3639 1147 3698 2901th
