2378 3934
109 133 171 198 116
512 129 585 185 oon
603 130 650 198 111,
670 109 713 186 aa

107 296 231 362 dicitur.
277 300 311 360 et
333 298 383 360 est
405 316 534 359 sensus:
567 315 611 359 aa
634 294 702 358 sine
725 294 805 359 uitio
830 315 902 357 sum
925 295 958 358 et
980 293 1045 358 boc
1068 316 1130 378 po-

106 387 172 450 tius
196 384 330 452 somnio.
411 385 454 448 41
492 404 588 468 quae
624 386 737 467 porta
773 382 929 467 fugiens
967 383 1131 448 eburna.

107 472 378 560 Uergilianum
401 475 473 536 est:

105 563 243 628 Altera
266 561 449 627 candenti
472 560 648 645 perfecta
670 560 803 625 nitens
824 560 1035 645 elephanto

79 650 181 716 abed
204 673 305 716 uana
327 650 375 714 ad
397 651 547 715 eaelum
574 649 741 714 mittunt
767 649 964 714 insomnia
986 671 1134 714 manes.

194 741 238 805 49
274 739 467 824 inpudens
489 739 589 822 liqui
611 738 762 822 patrios
785 743 957 822 penates.
1010 739 1133 822 inpu-

107 830 199 894 dens
230 827 369 894 Orcum
396 848 527 891 moror
558 848 576 891 o
605 827 775 894 deorum:
808 824 913 892 cadem
935 827 1135 912 inpudentia

106 919 198 1002 uiuo,
228 939 293 1001 qua
323 916 465 1001 patriam
492 915 617 999 reliqui.
684 915 728 981 55
765 916 946 1000 speciosa
983 937 1133 1000 quaero

106 1027 262 1090 pascere
285 1005 420 1091 tigres.
465 1005 664 1088 γυναικείως
687 1004 824 1070 sollicita
848 1007 911 1089 est,
932 1026 974 1068 ne
998 1003 1135 1069 desinat

67 1115 93 1154 ro
107 1115 176 1160 esse
207 1095 366 1178 speciosa,
403 1115 485 1179 quae
509 1092 685 1176 desiderat,
722 1115 820 1178 quam
846 1091 997 1177 primum'
1012 1094 1134 1177 perire,

109 1183 185 1248 dum
208 1182 390 1267 pulcritudo
420 1204 479 1248 sua
502 1203 610 1246 secum
634 1182 686 1246 sit.
753 1181 794 1246 57
829 1183 923 1247 uilis
959 1181 1134 1265 Europe,

106 1275 219 1356 pater
255 1276 369 1358 urget
410 1271 559 1336 absens.
636 1270 770 1335 dubium
806 1291 875 1336 non
912 1274 975 1355 est,
1010 1271 1135 1356 inquit,

107 1363 185 1444 qaia
202 1367 301 1446 pater,
324 1361 380 1445 qui
403 1361 439 1425 in
461 1363 550 1425 metu
574 1362 633 1443 est,
656 1359 824 1424 absentem
847 1359 945 1424 uilem
964 1361 1134 1424 existimet

108 1451 140 1514 et
163 1450 312 1535 appellet,
335 1449 468 1514 credens
487 1470 538 1514 me
558 1452 723 1514 amantem
741 1451 953 1532 persecutam.
999 1452 1033 1512 et
1054 1448 1132 1514 ideo

68 1558 94 1599 rs
107 1538 309 1604 moriendum
345 1540 410 1621 est,
446 1541 483 1602 ut
514 1537 708 1621 probrorum
737 1536 855 1602 borum
877 1537 1059 1603 obliuiscar.

108 1626 150 1690 58
183 1630 296 1710 potes
327 1626 397 1691 hac
425 1627 472 1690 ab
501 1647 596 1691 orno
619 1626 829 1710 pendulum
852 1648 948 1691 zona
970 1626 1067 1690 bene
1092 1630 1133 1690 te

109 1718 254 1778 secuta:
285 1735 367 1798 quae
386 1713 536 1778 adiutura
555 1715 598 1780 sit
614 1716 731 1781 mortis
752 1715 931 1780 eonsilium.
995 1715 1038 1780 66
1063 1715 1134 1778 ad-

108 1806 195 1867 erat
238 1803 416 1887 querenti
458 1802 650 1887 perfidum
683 1803 824 1868 ridens.
882 1808 914 1869 et
936 1807 1136 1888 perpetuum

111 1892 344 1977 [antepositum
366 1895 500 1975 numen]
525 1892 693 1977 epitheton
716 1897 765 1958 est
777 1891 914 1958 Ueneris
934 1897 967 1958 et
980 1893 1021 1960 ad
1034 1914 1134 1978 prae-

68 2001 96 2042 co
111 1982 250 2046 sentiam
282 1981 430 2067 pertinet.
484 1982 568 2047 ridet
600 1982 699 2066 enim,
731 1987 765 2047 et
796 1983 882 2066 quod
915 2004 986 2048 eam
1017 1983 1132 2070 imago

109 2071 237 2135 iuuenci
256 2071 417 2155 deceperit
440 2075 473 2135 et
495 2071 581 2155 quod
604 2071 661 2135 illa
683 2073 856 2156 irascatur,
887 2073 981 2156 quasi
1008 2093 1085 2137 uere
1112 2095 1133 2136 a
1187 2103 1188 2106 ¹

108 2179 223 2242 pecore
248 2159 381 2242 decepta
399 2159 451 2224 sit.
519 2160 562 2224 69
586 2181 670 2224 mox
693 2159 758 2223 ubi
780 2160 878 2225 lusit
901 2161 1013 2226 satis:
1037 2165 1132 2246 post-

109 2267 207 2329 quam
234 2246 289 2311 diu
317 2268 415 2331 passa
442 2251 492 2311 est
514 2247 605 2311 illam
627 2248 776 2334 ignaram
796 2248 963 2314 felicitatis
987 2250 1025 2314 de
1049 2273 1133 2315 casu

110 2356 169 2399 suo
193 2336 355 2419 conqueri.
423 2336 464 2399 71
485 2336 697 2411 ⁴lacerande.
719 2338 854 2403 reddet
876 2361 1020 2404 cornua
1042 2342 1131 2404 tau-

68 2443 95 2484 15
108 2445 181 2488 rus.
224 2445 266 2488 ne
288 2424 410 2488 laceres
433 2445 516 2509 eum,
538 2426 653 2511 inquit,
675 2449 749 2492 oum
773 2448 806 2491 se
829 2427 891 2492 tibi
903 2449 1014 2493 rursus
1034 2429 1131 2493 obtu-
1186 2427 1187 2469 ¹

108 2512 190 2577 lerit.
258 2512 300 2577 73
323 2534 419 2579 uxor
441 2513 584 2578 inuicti
605 2512 712 2580 Iouis
737 2537 819 2580 esse
841 2517 981 2582 nescis.
1025 2517 1130 2583 ambi-

108 2621 221 2687 guum,
241 2604 367 2686 ¹utrum
402 2601 465 2667 hoc
497 2603 585 2668 dicat
618 2603 738 2669 ‘nescis
770 2608 804 2670 te
836 2606 1006 2691 coniugem
1036 2605 1129 2672 Iouis
1185 2631 1186 2642 ¹

109 2695 192 2756 esse'
229 2713 272 2756 an
302 2712 380 2756 uero
413 2693 533 2756 ‘nescis
565 2695 598 2756 te
627 2713 736 2777 gerere
759 2694 931 2780 coniugem
953 2695 1068 2778 Iouis',
1092 2699 1130 2760 ut

108 2780 137 2844 si
159 2780 247 2844 dicat
269 2781 390 2846 ‘neseis
414 2803 484 2846 esse
503 2781 614 2846 consul
625 2787 644 2846 ’.
713 2781 755 2847 75
777 2786 842 2847 tua
866 2788 995 2849 sectus
1020 2783 1128 2849 orbis
1184 2861 1185 2890 ,

178 2995 195 3042 4
214 2989 281 3044 Aen.
302 2997 326 3058 e,
346 2996 398 3046 saa

180 3157 250 3203 lan
269 3166 303 3204 ex
321 3151 388 3206 Aer.
403 3151 502 3207 addidi
573 3152 891 3210 4cadentr..elefanto
911 3154 950 3209 M
1004 3159 1127 3209 tuane:

107 3217 179 3274 falsa
208 3220 324 3290 Uergilii
347 3222 423 3278 codd.
515 3229 530 3277 ‘1
563 3239 656 3278 moror
679 3228 696 3279 δ
716 3225 809 3280 adeor.
834 3227 873 3279 M
954 3231 971 3280 8
1003 3230 1128 3294 spetrosa

108 3306 209 3358 quaere
229 3291 267 3345 M
337 3295 502 3363 agynetros
522 3293 561 3347 M
638 3301 671 3350 10
690 3297 814 3364 spetrosa
833 3296 872 3350 M
952 3302 984 3350 11
1005 3312 1127 3366 europae

109 3360 147 3412 M
217 3366 249 3414 13
278 3363 348 3430 quin
374 3366 456 3431 pater
483 3364 583 3418 addidi
610 3369 636 3418 et
667 3368 710 3420 est
727 3367 842 3435 scripsi:
873 3367 975 3422 mbues
995 3367 1039 3432 M,
1059 3368 1127 3437 quin
1182 3359 1183 3384 ¹

107 3446 152 3482 me
183 3432 265 3497 pater
297 3433 355 3486 abs.
388 3450 405 3500 ς
496 3439 529 3488 15
561 3435 727 3503 probrorum
758 3453 822 3492 nos:
858 3453 985 3506 priorum
1018 3439 1058 3491 M

110 3505 143 3552 16
162 3515 248 3553 zonae
266 3517 336 3555 uene
356 3503 394 3554 M
467 3509 499 3556 19
519 3505 707 3573 antepositum
725 3525 828 3562 numen
847 3511 892 3578 (ε
911 3511 1023 3576 nomen)
1042 3510 1128 3563 iater-

104 3571 382 3710 ρῇειαιίέτξεπᾶἰὲιεζϋὲῗ
400 3572 546 3641 epitheton
559 3576 648 3630 delesa'
719 3584 753 3632 23
772 3595 901 3648 ignorum
916 3580 955 3632 M
1025 3585 1060 3634 25
1076 3597 1128 3635 neo
1181 3571 1182 3584 ²
