2416 3934
394 126 466 183 eos
484 128 506 196 1,
525 133 558 182 21
579 129 609 182 eo
627 133 669 184 eo.
995 129 1039 196 27

46 311 134 356 omne
149 311 313 373 perosos
332 290 553 376 femineum,
570 293 838 374 papestorpe
858 292 1037 362 ‘funditus’

47 383 72 445 et
89 379 210 464 penitus
233 380 387 446 dilectam
408 402 468 464 pro
486 379 690 446 familiariter
708 381 859 448 dilectam
876 383 1038 470 intellege.

97 469 113 531 l
137 467 267 554 nigris
295 472 362 534 eut
388 467 620 553 Erymanthi
648 469 770 536 siluis.
814 470 1037 557 Erymanthus

43 556 336 624 nonsinhroedia
359 561 417 623 est.
457 558 584 645 nigris
607 562 717 624 autem
740 560 853 626 siluis
876 561 1037 630 umbrosis
1189 621 1190 628 ,

42 648 261 734 intellegamus.
329 645 501 734 8Gregi.
525 646 653 734 (tragus
671 669 766 714 mons
780 647 900 732 Lyciae
917 650 954 716 in
971 672 1064 736 quos
1189 649 1190 712 J

43 735 191 802 Chimaera
220 735 325 802 fuisse
353 737 478 804 dioitrm
567 736 588 802 9
612 758 681 802 uos
708 736 847 822 Tempe
874 739 1038 806 totidem

41 826 151 890 tollite
186 826 382 892 laudibus.
438 825 559 910 Tempe
595 826 686 892 loeus
722 830 772 891 est
803 827 838 892 in
869 826 1039 894 Thessalia

42 913 181 998 opacitate
201 919 238 980 et
252 914 360 980 Peneo
378 913 510 980 flumine
529 936 695 998 amoenus,
713 937 810 1000 quem
827 916 863 982 in
881 916 1038 982 honorem

42 1003 180 1087 Apollinis
213 1003 334 1070 merito
365 1003 537 1088 laudabat,
569 1003 656 1089 quod
684 1004 731 1070 ibi
759 1005 869 1070 laurus
898 1006 1038 1090 plurima

42 1092 78 1156 sit
148 1093 190 1158 12
224 1092 479 1178 fraternaque
511 1114 681 1158 umerum
713 1094 806 1178 lyra.
850 1098 884 1158 et
914 1094 968 1159 hie
998 1117 1079 1160 exuo

41 1180 182 1265 superiore
213 1182 326 1266 accipe
355 1180 551 1268 ‘insignem'
580 1181 775 1263 [citharam].
820 1204 878 1266 per
899 1182 1038 1268 figuram

40 1270 100 1334 haee
116 1270 287 1354 eloquutio
306 1270 525 1356 intellegenda
542 1273 580 1335 ut
602 1271 658 1336 sit:
684 1271 870 1355 Apollinem
891 1294 1038 1338 umerum

40 1360 194 1444 insignem,
228 1359 294 1425 hoe
320 1363 384 1426 est:
416 1381 564 1426 umerum
590 1359 754 1445 insignem
780 1359 973 1444 habentem,
1003 1366 1040 1426 at

41 1447 134 1512 Socra
161 1470 311 1515 comem
339 1448 456 1516 dieitur
483 1446 703 1534 sUergilio
731 1451 765 1514 et
785 1449 889 1514 multa
912 1449 1037 1514 similia.

90 1537 127 1602 12
144 1537 330 1604 fraterna
345 1588 352 1603 .
367 1588 374 1604 .
387 1538 484 1622 lyra:
504 1537 579 1622 quia
593 1535 772 1603 Mercurius
786 1538 890 1622 lyram
903 1537 1038 1623 inuenit,
1052 1558 1078 1600 oo

41 1627 80 1708 qui
94 1626 194 1692 frater
214 1627 380 1712 Apollinis
398 1629 457 1692 est.
527 1626 570 1692 14
592 1649 612 1692 a
634 1627 778 1712 populo
801 1630 839 1692 et
860 1627 1037 1712 principe

41 1713 190 1782 Caesare.
239 1715 397 1800 numquid
420 1715 598 1800 principe
621 1719 655 1780 et
678 1715 719 1780 ad
741 1716 898 1801 populum
921 1716 1037 1782 refere-

41 1825 92 1868 mus
118 1807 155 1870 ut
183 1805 248 1870 eit:
280 1808 315 1870 et
337 1826 357 1870 a
378 1805 500 1890 populo
522 1805 683 1889 principe,
712 1805 789 1889 quie
811 1805 951 1889 populus
973 1805 1038 1870 Ro·

14 1951 16 1964 ,
42 1914 133 1958 uanus
146 1894 305 1980 princeps
318 1897 425 1960 rector
438 1894 584 1960 omnium
597 1893 792 1978 populorum
802 1897 888 1958 reete
898 1893 1037 1958 dieitur?

443 2049 516 2105 ODE
537 2057 562 2119 1,
580 2056 623 2107 22.
1052 2064 1079 2104 so

15 2189 17 2240 4
106 2160 272 2248 Integer
304 2161 408 2228 uitae
441 2159 677 2244 scelerisque
709 2181 837 2244 purus.
891 2159 934 2225 ad
965 2157 1038 2224 Ari·

43 2250 119 2314 stium
139 2249 288 2316 Fuscum
310 2249 390 2316 haee
418 2249 615 2329 scribuntur,
648 2249 765 2335 quibus
794 2247 918 2314 indicat
944 2247 1038 2316 inuo-

16 2343 17 2372 ³
43 2339 160 2404 centiam
186 2360 318 2424 semper
341 2342 373 2404 et
395 2338 515 2424 ubique
538 2340 644 2402 tutam
666 2359 749 2420 esse3
773 2338 864 2404 cuius
882 2338 930 2403 rei
947 2338 1038 2403 testi-

43 2429 166 2494 monium
187 2429 263 2513 ipse
286 2429 446 2512 acceperit
466 2435 554 2512 tune,
577 2447 650 2492 eum
672 2427 708 2492 in
726 2423 855 2492 Sabinis
878 2427 914 2492 in
932 2427 1037 2512 agello

44 2538 84 2581 suo
108 2518 309 2602 spatiantem
335 2539 370 2583 se
399 2517 496 2602 lupus
526 2516 692 2580 inmensae
727 2516 962 2602 magnitudinis
989 2515 1037 2580 fu·
1052 2543 1078 2584 eo

44 2607 112 2687 gerit.
156 2611 193 2672 et
224 2607 307 2674 haee
339 2605 452 2672 dubito
480 2609 598 2672 utrum*
616 2605 801 2670 ioculariter
823 2604 973 2669 dicentur
996 2625 1038 2668 an

44 2715 109 2779 uero,
130 2694 289 2781 quoniam
312 2695 381 2780 lupi
399 2695 551 2761 dicuntur
569 2695 671 2760 solere
691 2694 871 2778 singulares
889 2692 1038 2757 homines

45 2781 184 2850 inuadere.
280 2787 298 2850 1
330 2785 485 2869 integer
520 2784 634 2848 uitae.
689 2783 726 2846 ut
757 2780 972 2866 Uergilius:
1010 2779 1037 2844 Ο

45 2877 229 2952 praestans
263 2873 382 2940 animi
414 2873 577 2938 iuuenis.
644 2870 815 2937 4Fusce
844 2870 1039 2956 pharetra.

45 2994 238 3009 Ἢ

97 3054 128 3102 14
145 3050 216 3104 Aen.
237 3053 262 3118 ἵ,
282 3054 317 3104 60
390 3053 424 3104 28
443 3047 511 3104 Aen.
533 3053 574 3113 12,
595 3053 628 3102 19

100 3215 279 3282 lperossum
299 3208 337 3262 M
407 3209 457 3263 aut
474 3207 587 3278 penitus
605 3222 656 3277 pro
676 3205 774 3261 addidi
855 3210 941 3274 tpro
959 3202 1041 3257 fami-

48 3274 133 3334 lariter
150 3280 287 3335 dilectam
305 3279 348 3334 oso
366 3279 405 3334 M
464 3277 594 3348 intellegi
613 3277 652 3332 M
721 3283 737 3332 3
756 3275 936 3346 herymanthr
955 3274 993 3327 M

50 3349 196 3406 lachana
214 3351 255 3405 M
324 3351 485 3406 tehrmera
504 3349 542 3404 M
593 3349 714 3418 tempen
732 3348 822 3403 sidem
841 3346 880 3400 Μ
945 3338 1040 3399 tlen-

51 3415 115 3488 latg
203 3429 236 3477 11
255 3420 396 3492 insignem
414 3421 445 3476 id
462 3426 501 3476 eet
518 3421 654 3502 inciperem
672 3418 799 3473 eithara?
887 3422 919 3470 13
938 3417 971 3469 ut
988 3429 1039 3468 om.

19 3541 20 3556 ,
53 3487 76 3541 Μ
123 3498 156 3548 11,
174 3509 254 3550 sacra
273 3487 985 3563 Pacty:lattaMse1saa?efiadeerm.1,1,5.

19 3557 20 3578 ¹
54 3563 185 3686 legitera.
204 3565 244 3618 Μ
276 3569 339 3618 23
357 3564 450 3619 totam
468 3563 507 3617 M
568 3559 779 3616 29en1m1sM
839 3553 1040 3626 {inceseretra

53 3670 75 3684 ..
98 3637 184 3690 aretrs
201 3635 241 3690 M
