2378 3934
288 183 468 240 EPISTULA
487 185 507 254 1,
529 192 570 254 11,
592 193 703 243 ra-eo.
774 187 777 194 '
937 188 1005 253 279

91 347 127 411 13
149 347 286 411 furnos
309 351 346 411 ei
368 347 517 412 balnea.
562 347 676 414 furnos
699 349 762 414 hoc
786 355 836 415 est
851 350 963 431 firmos
986 376 1006 416 a

20 437 92 521 nigro
117 437 221 500 colore
249 435 385 500 dicimus
411 440 546 521 propter
576 438 747 524 fuliginem
779 440 831 502 uel
864 439 1005 504 obscuri·

20 529 106 608 tatem,
128 546 225 609 quam
245 525 335 589 intus
358 525 489 590 habent.
572 527 614 591 15
642 547 712 591 nec
735 527 768 591 si
790 530 827 592 te
850 528 1004 593 ualidus

20 615 200 678 iactaucrit
222 613 373 678 Auster.
419 634 532 678 sensus
555 611 609 680 hic
632 619 693 680 est:
717 634 798 699 non,
825 615 944 700 inquit,
967 639 1005 682 aa

21 703 84 766 bona
111 702 255 766 ducenda
286 706 375 787 sunt,
405 723 487 788 quae
522 705 715 768 necessitate
752 703 915 790 diligimus
951 707 1032 770 uela

22 791 236 874 conparatione
259 791 414 874 peiorum.
499 792 539 856 17
566 793 752 858 incolumi
780 793 900 858 idest:
924 793 1006 858 nihil

21 881 47 941 de
69 882 149 944 statu
177 902 236 944 suo
264 879 440 964 requirenti
469 884 502 946 ct
529 881 581 944 cui
608 881 691 946 nihil
714 881 797 945 desit
820 883 860 946 ad
883 886 1006 947 uotum.

87 969 124 1033 18
152 969 320 1052 paenula
357 969 541 1033 solstitio.
601 973 736 1053 apparet
768 974 802 1034 et
832 973 1006 1054 paenulam

19 1057 132 1122 solstitio
154 1060 188 1121 et
210 1061 317 1122 cetera
340 1057 413 1141 alia,
436 1077 518 1142 quac
532 1077 590 1141 per
604 1058 750 1124 ordinem
769 1057 855 1144 dicit,
879 1059 1006 1126 diuerso

19 1148 136 1229 tempore
159 1167 359 1230 superuacua
381 1167 441 1230 pro
464 1146 529 1210 illis
556 1151 634 1212 tunc
662 1148 806 1212 moribus
829 1149 939 1213 fuisse.
1021 1172 1047 1212 rc

22 1234 49 1295 19
67 1255 127 1318 per
148 1235 318 1299 brumam
342 1233 503 1300 Tiberis.
531 1236 620 1320 .quis
643 1236 730 1300 enim
753 1240 831 1302 banc
854 1239 1006 1302 nataret?

88 1323 124 1388 19
153 1321 292 1388 Sextili
320 1345 462 1388 mense:
490 1323 649 1410 Augusto.
722 1324 765 1390 26
792 1345 871 1390 non
898 1326 1006 1390 locus

21 1410 111 1476 effusi
140 1413 219 1477 late
252 1412 367 1476 maris
400 1413 555 1478 arbiter.
605 1411 763 1478 arbitrum
790 1435 849 1499 pro
879 1417 1008 1479 remoto

21 1501 115 1585 posuit,
141 1504 179 1566 ut
202 1501 341 1566 arbitros
364 1502 523 1566 remoueri
546 1502 695 1587 dicimus,
722 1501 785 1567 hoc
809 1505 858 1566 est
882 1503 1006 1567 alienos

22 1590 183 1674 ancgotio.
238 1591 335 1657 maris
365 1592 440 1671 [est]
470 1591 591 1656 arbiter
618 1594 668 1655 est
693 1587 800 1675 locus,
832 1591 887 1676 qui
913 1593 1005 1656 trans
1021 1616 1047 1657 15

21 1697 84 1741 nare
103 1679 199 1764 longe
222 1679 347 1763 positus
371 1683 468 1764 atque
492 1680 648 1744 discretus
670 1686 721 1744 cst.
757 1683 867 1764 potest
885 1680 1007 1744 arbiter

23 1767 43 1826 et
57 1767 171 1832 medius
184 1767 340 1854 intellegi.
395 1769 437 1833 28
462 1772 621 1833 strenua
643 1769 796 1832 inertia.
829 1770 1007 1834 cacozelon.

24 1851 143 1920 Cicero:
171 1854 262 1921 Cum
288 1861 435 1940 tacent,
462 1857 632 1922 clamant.
691 1856 905 1942 Uergilius:
938 1856 1007 1922 Se-

23 1944 199 2029 quiturque
224 1949 456 2031 sequentem.
523 1945 567 2011 30
590 1949 649 2011 est
671 1944 831 2010 Ulubris
855 1967 882 2010 a.
928 1943 1007 2010 Ulu-

23 2029 77 2095 brae
94 2034 182 2098 locus
205 2034 240 2097 in
261 2031 371 2118 Italia,
399 2035 433 2098 in
457 2056 521 2119 quo
543 2035 686 2100 nutritus
710 2038 760 2100 est
781 2037 802 2113 t
826 2055 845 2098 a
868 2033 1005 2100 Caesare
1020 2061 1048 2101 ao

24 2117 153 2204 lugustc.
186 2125 430 2209 propterquam
454 2145 585 2189 oausam
599 2123 640 2188 ab
653 2123 792 2188 Horatio
811 2124 1007 2207 nominatur,

23 2227 77 2272 cum
96 2210 135 2274 sit
157 2211 394 2277 desertissimus
416 2212 518 2277 uicus.

22 2341 208 2354 —————-

77 2407 105 2456 ιτ
122 2401 180 2460 eat.
202 2411 225 2473 1,
262 2410 295 2458 ar
350 2403 420 2460 nen.
440 2410 482 2472 11,
502 2409 554 2460 eas

23 2521 207 2534 ὴ..-

23 2577 157 2652 lerdaeque
180 2581 323 2650 dicuntur,
347 2598 419 2651 quae
445 2580 525 2636 uelut
547 2597 564 2634 a
582 2581 683 2636 saturis
701 2581 894 2651 proferuntur;
914 2580 973 2635 siue
992 2597 1009 2634 a

24 2655 94 2706 utura
113 2653 209 2724 lance,
229 2669 300 2722 quae
325 2653 429 2708 referta
451 2652 537 2708 uariis
558 2653 710 2722 multisque
733 2651 865 2721 primitiis
882 2651 913 2705 in
931 2667 1008 2706 sacro

25 2720 62 2775 diis
72 2724 139 2792 apud
155 2723 261 2793 priscos
278 2723 452 2779 inferebatur
470 2726 500 2779 et
517 2739 535 2776 a
553 2724 635 2792 copia
652 2739 686 2778 ac
699 2722 846 2777 satmitate
860 2721 902 2777 rei
915 2723 1010 2776 satura

26 2793 158 2851 uocabatur.
187 2794 346 2868 amparem
363 2781 466 2864 putant
484 2794 589 2849 usam
603 2811 621 2849 c
634 2794 698 2864 lege
711 2793 805 2848 aare
818 2792 865 2860 (ef.
875 2791 1010 2868 Festum),

25 2879 75 2928 quae
95 2881 147 2922 uno
170 2863 273 2938 rog'atu
295 2865 385 2920 multa
408 2865 492 2921 simul
515 2866 682 2934 conprobat,
705 2865 780 2934 quod
803 2863 912 2918 scilicet
934 2864 1011 2918 etin

25 2933 158 2992 eiusmodi
186 2937 308 2994 carmine
335 2935 427 2992 multa
455 2935 539 2992 simul
564 2938 698 3006 poemata
723 2935 1016 3005 conpraehendantur.

24 3005 100 3062 similia
121 3009 250 3078 leputatur
271 3009 303 3060 ia
320 3009 431 3062 scholiis
447 3008 539 3068 Rereic'
557 3013 582 3061 et
597 3007 753 3062 Icmcaclc'a.
767 3007 802 3074 cf.
816 3005 1012 3074 Reifferscheid

27 3073 110 3132 alcaico.
123 3096 155 3148 p.
175 3085 228 3136 371
248 3079 381 3148 etLaccil.
401 3079 441 3134 ec.
460 3078 495 3134 L.
515 3078 621 3146 Melllcr
637 3095 666 3147 p.
686 3082 741 3134 185
775 3139 777 3144 ,
828 3087 842 3131 1
862 3078 956 3132 fornes
976 3079 1016 3130 M

74 3147 162 3204 luruoe
181 3147 289 3216 dddid'i,
308 3151 402 3220 nigros
417 3167 435 3217 ς
449 3149 513 3204 odd.
568 3149 749 3220 liug'rlrncm
763 3147 802 3202 M
854 3147 1014 3216 dpeiorum

24 3229 67 3270 ποδὶ
81 3236 166 3290 perora
185 3223 224 3276 M
279 3221 310 3276 id
328 3218 463 3276 estnihil
481 3221 556 3275 Patr.
575 3220 694 3276 Daniel:
713 3219 786 3274 ·1d·
804 3218 876 3273 mlhl
895 3219 934 3272 M
996 3225 1011 3271 7

24 3294 162 3359 causantis
182 3293 221 3346 M
277 3292 313 3346 ad
330 3293 430 3347 notum
448 3291 490 3358 cf.¹
503 3293 540 3348 cd
558 3295 710 3360 cp.„1,12,
728 3295 747 3345 5
801 3296 817 3345 8
835 3289 1016 3371 paenulaM

76 3368 103 3416 13
121 3365 269 3420 arbitrium
285 3379 340 3433 pro¹
359 3365 437 3418 moto
457 3363 507 3430 M,
530 3363 632 3418 arcad.
657 3358 752 3432 Pcclp
844 3366 878 3414 14
904 3359 1013 3416 ahenos

24 3441 57 3482 ccc
71 3432 170 3490 alienus
190 3451 219 3503 ςε
239 3435 302 3490 alus
320 3434 359 3488 M
444 3440 482 3501 16Ι
496 3435 602 3504 potest:
620 3450 671 3503 pre
691 3433 729 3487 M
814 3437 847 3485 17
865 3431 931 3485 boec
947 3447 1014 3496 ctos:

24 3504 151 3561 cacozelon.
170 3523 210 3566 ero
236 3521 300 3566 cum
322 3508 426 3560 tacent.
450 3504 551 3573 nergal.
570 3505 609 3557 M
696 3509 731 3556 20
750 3503 853 3558 Caesar
869 3502 1013 3570 Augustus

24 3587 41 3634 ς,
55 3590 68 3625 a
84 3571 197 3632 Caesare
216 3573 375 3648 Augustum
449 3581 482 3628 21
503 3576 593 3629 orabo
613 3575 651 3627 M
