2378 3934
171 128 235 194 170
570 125 720 182 nrooou
741 133 783 183 16.

168 292 294 357 dicitur.
348 291 396 356 ait
422 294 544 357 autem:
571 291 710 356 fortasse
739 293 795 354 aut
825 311 936 354 omnes
969 291 1181 355 communiter

169 384 227 446 aut
250 383 336 446 certe
358 381 473 445 melior
495 403 570 464 pars
593 379 748 464 quaeritis
769 400 878 443 carere
896 379 988 443 malis
1007 378 1181 444 laboribus,

168 470 283 535 melior
305 491 382 556 ergo
405 492 465 555 pro
489 491 527 536 eo
551 468 637 554 quod
660 472 710 533 est
731 466 857 533 ‘maior'
881 467 1002 532 dictum
1027 472 1079 532 est
1102 470 1180 534 sicut

169 559 256 644 apud
287 557 517 644 Uergilium:
554 557 663 650 Nunc
700 557 793 623 adeo
830 556 966 622 melior
1000 559 1179 642 quoniam

141 665 257 732 spara
285 651 371 712 acta
398 648 475 712 diei
503 650 570 712 est.
649 648 702 711 *17
731 647 839 711 nulla
867 646 919 710 sit
949 646 1021 710 hac
1052 649 1182 730 potior

169 738 365 802 sententia
390 735 660 801 Phocaeorum.
706 735 897 800 elocutionis
923 756 1039 800 sensus
1062 736 1112 800 sic
1136 759 1182 800 esc

168 826 380 891 ordinandus:
404 826 431 890 si
446 825 609 909 quaeritis,
632 823 816 908 quidnobis
840 824 1002 910 agendum
1026 825 1080 908 sit,
1104 827 1183 889 acci-

166 916 234 999 pite
267 914 451 997 consilium,
482 918 519 978 ut
549 914 641 978 nulla
672 913 715 977 sit
746 913 854 998 potior
886 914 980 978 uobis
1010 915 1183 996 sententia„

168 1025 265 1086 quam
293 1003 373 1068 eatis
402 1024 605 1086 quocumque
628 1001 725 1087 pedes
748 1023 808 1066 uos
837 1002 957 1087 ferent,
983 1004 1078 1067 uelut
1102 1004 1183 1068 Phc-

127 1117 155 1158 10
169 1113 318 1158 caeorum
345 1091 461 1157 ciuitas
488 1092 634 1177 profugit
662 1094 826 1156 exsecrata
854 1111 953 1178 agros
978 1094 1077 1176 atque
1101 1094 1184 1158 lares

167 1183 290 1266 patrios
316 1180 458 1266 fanaque
480 1181 611 1264 reliquit
632 1179 812 1245 habitanda
842 1180 930 1264 apris
953 1184 987 1244 et
1008 1183 1184 1266 rapacibus

167 1271 261 1356 lupis.
310 1271 451 1336 Phocaei
477 1271 587 1335 autem
614 1270 726 1335 relicto
753 1269 859 1353 patrio
890 1269 958 1335 1010
981 1271 1018 1334 in
1042 1269 1184 1335 Galliam

167 1363 327 1425 uenerunt
348 1358 589 1443 Massiliamque
619 1359 733 1424 urbem
762 1358 984 1423 condiderunt
1060 1361 1104 1424 21
1130 1362 1184 1424 ire

166 1449 282 1532 pedes
305 1469 542 1532 quocumque
560 1448 700 1512 ferunt.
735 1447 797 1512 ho'c
812 1448 1032 1532 superioribus
1046 1449 1183 1535 iungen-

126 1563 152 1603 rs
167 1538 244 1601 dum
275 1541 325 1600 est
355 1537 465 1600 nulla
498 1537 548 1601 sit
579 1536 650 1600 hac
677 1537 807 1621 potior
837 1537 1052 1621 sententia,
1085 1561 1186 1623 qnam,

166 1626 246 1689 eatis
270 1646 471 1709 quocumque
494 1647 554 1690 uos
576 1625 674 1708 pedes
697 1625 817 1690 ferunt.
896 1627 939 1690 23
968 1627 1024 1691 sic
1052 1629 1186 1714 placet

166 1734 213 1776 an
246 1713 382 1778 melius
415 1714 501 1798 quis
537 1713 655 1778 habet
691 1715 853 1779 suadere
890 1715 1068 1780 secunda.
1133 1719 1186 1781 sic

165 1803 308 1887 placet:
349 1802 582 1889 interrogatiue
619 1804 896 1887 pronuntiandum
933 1806 991 1869 est
1052 1827 1184 1872 sensus:

164 1892 227 1957 hoc
253 1913 369 1976 nempe
397 1893 504 1976 placet
531 1914 574 1958 an
600 1891 737 1977 numqui
764 1895 910 1958 uestrum
936 1893 1037 1958 habet
1066 1897 1183 1960 melius

123 2008 151 2047 ac
166 1982 252 2066 quod
285 1981 427 2047 suadeat.
487 1985 520 2046 et
554 1979 691 2046 adtende
728 1981 868 2068 figuram
903 1983 1100 2049 elocutionis
1141 2009 1185 2050 au

164 2071 301 2134 melius
326 2071 411 2154 quis
436 2073 533 2157 [que]
556 2070 675 2135 habet
698 2071 867 2136 suadere.
911 2070 1070 2137 ‘suadere'
1097 2077 1185 2144 enim

164 2159 299 2222 uerbum
327 2160 400 2225 loco
426 2160 569 2225 nominis
596 2160 740 2244 positum
768 2164 818 2226 est
843 2183 903 2245 pro
930 2161 1077 2246 suadela,
1109 2165 1166 2248 qui

164 2247 210 2309 sic
237 2247 473 2330 accipiendum:
501 2271 545 2313 an
577 2248 648 2333 quis
679 2248 780 2315 habet
810 2250 979 2316 meliorem
1003 2251 1177 2318 suadelam

253 2335 297 2400 23
321 2337 488 2402 secunda
510 2341 631 2402 ratem
659 2360 847 2423 occupare
875 2339 965 2423 quid
987 2361 1165 2408 moramu

122 2446 150 2486 as
165 2423 269 2488 alite.
305 2424 368 2490 hoc
390 2425 455 2491 iam
468 2426 632 2493 hortatiue
647 2427 772 2512 dicitur,
795 2428 888 2513 quasi
901 2449 969 2494 non
982 2429 1184 2514 proferendo

162 2513 328 2578 meliorem
357 2515 522 2581 suadelam
546 2516 691 2581 confessi
723 2518 790 2582 sint
821 2517 980 2603 optimum
1007 2521 1184 2604 consilium

163 2625 233 2668 esse
260 2604 492 2688 proficiscendi.
548 2606 715 2671 secunda
742 2610 851 2671 autem
883 2607 977 2672 alite
1010 2607 1184 2694 ‘prosper'

163 2692 318 2777 auspicio'
333 2693 450 2758 dicitur
463 2698 621 2780 utsupra.
680 2694 724 2760 25
743 2696 808 2762 sed
827 2697 996 2762 iuremus
1018 2697 1061 2761 in
1084 2635 1184 2852 hae}

163 2781 276 2846 simul
293 2782 381 2847 imis
401 2806 491 2848 saxa
509 2783 687 2849 renarint
704 2785 815 2850 uadis
838 2787 970 2850 leuata
986 2807 1032 2850 ne
1052 2789 1162 2853 redir

122 2891 150 2930 10
165 2869 216 2932 sit
239 2871 355 2935 nefas.
400 2894 459 2956 per
480 2872 543 2938 hoc
565 2873 793 2938 reuertendum
815 2895 883 2939 non
907 2896 976 2939 esse
995 2874 1081 2940 dicit
1123 2901 1183 2942 nec

163 2956 249 3022 enim
277 2980 354 3023 saxa
383 2983 536 3045 umquam
567 2963 738 3028 renabunt.
830 2963 872 3028 27
905 2984 951 3027 ne
988 2985 1183 3031 conuersa

162 3047 311 3112 domum
334 3048 467 3134 pigeat
495 3051 584 3116 dare
610 3052 733 3117 lintea
761 3052 913 3135 quando
939 3052 1066 3117 Padus
1101 3054 1183 3122 Mar

161 3136 244 3202 tina
267 3138 410 3202 lauerit
433 3141 639 3208 cacumina.
694 3163 735 3206 ne
758 3140 882 3206 radices
906 3141 1035 3226 quidem
1059 3141 1183 3304 Matinp

233 3301 249 3346 4
268 3295 335 3348 Aen.
356 3304 380 3364 9,
401 3302 452 3350 156

233 3417 311 3469 tert
329 3431 380 3470 om.
409 3418 487 3487 Uero.
506 3421 583 3474 codd.
646 3422 738 3477 nullas
758 3422 797 3476 M
856 3423 964 3492 potior:
983 3423 1085 3479 mehor
1106 3427 1148 3480 M
1181 3481 1182 3494 2

159 3482 301 3537 foceorum
316 3485 355 3537 M
406 3488 514 3542 altatus
529 3491 568 3543 M
623 3491 783 3548 focaeorum
798 3494 837 3547 M
892 3500 924 3548 11
940 3493 1062 3564 rehqmd
1076 3501 1104 3549 et
1118 3501 1182 3566 ap'

162 3552 200 3604 M
253 3559 285 3606 12
299 3553 440 3608 focemM
491 3563 526 3613 20
536 3561 679 3615 inadtrM
731 3569 764 3618 21
783 3563 888 3620 undere
902 3565 1026 3620 emmM
1080 3511 1182 3762 221ἰὲ

159 3623 204 3676 est
223 3623 261 3676 M
313 3626 544 3682 25011οῒ11111
595 3637 629 3685 29
643 3635 751 3688 tenant
764 3633 803 3688 M
856 3642 890 3690 32
908 3634 1019 3707 pigeat:
1037 3635 1129 3694 liceat
