2416 3934
140 228 166 284 X
454 231 458 241 '
535 225 752 282 PRAEFATIO.

140 413 245 478 pauca
267 391 438 457 emendata
461 393 550 472 sunt3
587 411 667 474 quas
698 389 754 476 qui
783 391 973 474 excusserit,
1004 388 1039 454 id
1070 388 1154 474 quod

139 503 200 568 ego
222 480 364 566 neglexi,
391 501 455 564 qua
478 479 618 544 editione
641 501 786 564 quaeque
814 478 984 544 emendata
1007 479 1075 543 sint
1096 501 1153 562 po-

139 569 219 636 terit
241 569 365 635 docere.

227 658 305 726 Plus
329 657 440 724 auxilii
462 657 571 723 ferunt
599 657 641 722 ad
663 657 863 722 emendanda
884 657 987 722 uerba
1008 656 1156 742 Porphy-

139 749 243 828 rionis
276 769 314 813 ea
351 770 432 832 quae
464 746 538 811 inde
570 749 722 831 excerpta
752 744 960 810 inueniuntur
987 747 1023 810 in
1051 748 1156 812 aare

140 838 375 904 commentariis.
421 835 478 902 sed
500 839 593 901 caute
621 857 701 922 agas
724 835 835 900 uelim:
871 857 948 900 nam
971 835 1026 920 qui
1049 857 1156 900 excer-

140 931 276 1013 pserunt
297 925 395 991 iidem
418 924 650 1011 expoliuerunt.

229 1015 303 1101 Ego
345 1037 412 1081 rem
454 1015 501 1080 sic
541 1015 608 1100 egi:
653 1013 795 1098 primum
832 1013 1082 1079 commentarios
1115 1013 1156 1076 ad

142 1106 272 1190 singula
304 1105 447 1169 carmina
478 1103 513 1168 in
542 1103 651 1168 codice
681 1102 869 1168 Monacensi
898 1102 1039 1186 scriptos
1067 1101 1157 1166 iden-

142 1196 244 1260 tidem
266 1193 463 1278 meditabar,
494 1192 608 1258 deinde
632 1192 757 1256 scholia
780 1192 840 1256 sub
862 1191 995 1257 nomine
1017 1189 1158 1256 Acconis

142 1285 230 1350 edita
262 1283 303 1347 ab
327 1281 520 1362 Hanthalio,
552 1284 842 1346 commentatorem
872 1279 1058 1367 aOruquio
1082 1302 1158 1346 con-

141 1373 271 1457 flatum,
302 1373 427 1438 scholia
457 1371 576 1437 codicis
606 1369 860 1456 Bambergensis
889 1374 923 1436 et
952 1369 1159 1435 Monacensis

142 1485 195 1528 no.
232 1463 298 1528 374
336 1464 369 1526 et
406 1460 665 1546 fragmentorum
709 1457 1020 1525 Scheftlarnensium
1056 1455 1162 1544 (quae

145 1551 266 1616 similia
289 1549 392 1616 codici
414 1547 461 1634 A,
491 1548 595 1614 Paris.
620 1550 721 1632 7900,
757 1549 875 1636 collegi
898 1550 937 1614 de
960 1549 1160 1634 tegumentis

144 1639 290 1706 codicum
314 1637 505 1708 Seheftlarn.
527 1635 747 1726 monasterii),
780 1639 808 1704 si
835 1639 912 1723 quid
934 1637 1014 1703 utile
1035 1635 1162 1701 ferrent

143 1729 379 1814 perquirebam,
401 1732 568 1812 postremo
586 1727 801 1813 inspiciebam
824 1728 982 1794 editiones
998 1747 1160 1792 commen-

143 1819 303 1884 tariorum
338 1817 576 1903 Porphyrionis
610 1840 630 1882 a
664 1817 791 1903 Paulyo
829 1821 862 1882 et
895 1815 1077 1882 Hauthalio
1100 1837 1158 1900 pa-

144 1911 244 1973 ratas.
290 1907 407 1993 quibus
432 1906 587 1973 confectis
611 1906 757 1992 singulos
777 1906 1026 1972 commentarios
1041 1904 1160 1970 descri-

144 1998 263 2063 bebam
296 1997 334 2062 de
367 1997 477 2064 codice
499 1995 688 2062 Monacensi
721 2018 817 2080 quam
849 1995 1095 2062 accuratissime
1126 1997 1161 2057 et

146 2090 339 2172 apparatum
382 2087 529 2152 criticum
571 2085 818 2170 componebam,
858 2085 906 2150 ita
941 2088 980 2149 ut
1016 2083 1045 2148 si
1077 2104 1162 2168 quae

145 2174 316 2240 emendata
347 2175 533 2239 uiderentur
565 2197 586 2238 a
607 2172 716 2238 codice
747 2175 794 2239 M
820 2174 1001 2239 recederem
1034 2175 1069 2237 et
1098 2171 1164 2236 has

145 2264 302 2330 lectiones
325 2266 423 2346 atque
446 2262 653 2328 coniecturas
675 2260 792 2347 dignas
816 2257 1080 2348 adscriberem.*)
1128 2265 1166 2324 at

146 2351 372 2418 commentarii
402 2350 444 2416 ad
473 2350 630 2435 epistulas
656 2351 800 2417 16-20
829 2354 927 2436 primi
956 2351 1033 2417 libri
1063 2351 1165 2416 etad

146 2442 285 2526 primam
317 2444 351 2505 et
381 2439 555 2505 secundam
584 2439 718 2505 alterius
741 2441 857 2507 misere
881 2440 1051 2526 deprauati
1075 2442 1168 2504 sunt.

145 2533 256 2614 itaque
278 2551 319 2595 ne
338 2530 492 2596 monstris
511 2529 686 2594 uerborum
699 2533 862 2597 scaterent
876 2532 1045 2596 columnae
1059 2529 1168 2593 etiam

149 2621 351 2686 coniecturas
388 2618 459 2684 ucri
487 2617 609 2683 similes
640 2617 766 2684 admisi.
811 2641 874 2704 qua
896 2620 931 2685 in
953 2622 1047 2703 parte
1075 2639 1170 2682 com—

147 2710 380 2775 mentariorum
417 2731 516 2794 quum
552 2709 736 2791 superiores
771 2708 911 2774 editores
954 2729 1013 2773 suo
1050 2705 1171 2772 officio

145 2799 242 2883 plane
266 2798 452 2883 defuissent,
476 2796 545 2881 ‘per
561 2819 700 2862 uacuum
719 2798 814 2881 posui
831 2797 974 2883 uestigia
987 2794 1172 2880 princeps',

92 2901 96 2909 ’
146 2889 194 2950 ita
216 2889 253 2950 ut
276 2888 305 2951 si
328 2886 481 2952 audacius
503 2908 571 2952 non
592 2908 768 2970 numquam
791 2909 860 2952 rem
873 2885 1006 2972 egerim,
1029 2905 1172 2949 excusa-

145 2976 234 3040 tione
270 2975 319 3039 rei
351 2976 483 3041 criticae
514 2976 550 3040 in
581 2997 709 3040 summa
740 2974 931 3041 difficultate
963 2973 1173 3040 constitutae

146 3066 234 3129 recte
256 3061 434 3128 defendam.

237 3186 359 3273 Scripsi
382 3187 506 3255 Romae
528 3209 639 3253 mense
661 3187 833 3254 Decembri
857 3213 884 3256 a.
907 3189 1001 3255 1873.

687 3363 896 3420 coemamus
915 3363 1053 3419 Marsa.

149 3598 360 3607 ,..‚-,.‚-.....—

220 3667 246 3733 *)
279 3681 355 3734 ς-ῑ
367 3662 568 3734 Porphyrionis
601 3663 711 3720 codices
744 3667 866 3736 (praeter
886 3667 932 3738 M)
966 3667 994 3721 et
1021 3665 1172 3721 editiones

149 3752 245 3790 omnes
274 3738 324 3788 aut
351 3735 515 3805 complures.
559 3733 677 3789 Latinae
708 3753 792 3792 uoces
819 3739 917 3792 litteris
944 3737 1089 3791 declinatis
1120 3755 1174 3792 ex-

149 3821 260 3876 pressae
279 3805 381 3860 desunt
399 3807 428 3860 in
448 3805 507 3861 cod.
528 3805 566 3858 M
