2378 3934
160 187 228 253 264
470 186 592 243 suano
610 187 645 255 11,
666 191 690 254 5,
710 192 808 256 ce-c,
829 193 870 242 ra.

158 350 340 415 monibus
367 353 504 414 utrem:
532 350 623 414 uelut
649 351 765 412 utrem.
856 349 899 412 99
927 371 1014 413 cum
1040 351 1079 413 te
1100 373 1166 414 ser·

158 439 260 503 uitio
287 439 407 523 longo
436 439 499 504 hoc
527 441 590 502 est:
623 458 697 502 cum
730 437 912 502 decesserit.
1008 438 1070 504 108
1098 439 1166 502 siue

161 528 295 592 domus
317 527 369 591 fit
392 530 552 611 emptor.
599 526 676 610 qnia
698 525 770 610 lege
794 528 926 590 cautum
951 529 1033 611 erat,
1055 528 1168 611 nequis

162 637 277 702 agrum
310 616 363 679 uel
396 614 528 680 domum
560 615 695 679 alicuius
727 614 766 678 in
795 617 996 680 testamento
1030 615 1168 679 donatum

135 705 314 788 adoraret,
344 707 383 767 ut
409 703 597 768 uiderentur
624 703 753 788 emisse,
771 725 957 768 ¹nummum
987 703 1121 788 dabant,
1148 705 1169 766 si

164 793 216 857 cui
240 793 430 857 donabatur.

445 947 448 954 ,
565 876 688 932 suano
709 884 735 945 2,
755 883 780 932 c.

253 985 379 1050 Laudat
402 1008 457 1051 rus
480 991 513 1050 et
536 986 748 1052 securitatem¹
765 986 835 1050 eius
850 987 994 1070 exponit.
1028 1008 1087 1071 per
1100 985 1172 1070 quud

167 1074 329 1158 significat
350 1097 405 1139 rus
430 1096 463 1139 se
486 1074 607 1139 habere
630 1078 663 1139 et
687 1095 804 1139 amare.
887 1076 909 1140 2
932 1075 1042 1162 iugis
1067 1097 1168 1158 aqua·

126 1162 269 1228 rofons:
297 1163 353 1247 qui
381 1185 453 1228 cum
482 1164 526 1228 sit
552 1163 652 1248 iugis,
684 1162 795 1228 domui
824 1164 868 1227 sit
897 1165 1076 1248 proximus.
1159 1165 1169 1174 '

166 1252 245 1317 nisi
272 1255 313 1316 ut
338 1252 498 1337 propria
523 1251 629 1316 mihi.
688 1252 863 1336 propria:
890 1253 1002 1337 firma,
1036 1256 1073 1317 ut
1094 1251 1160 1336 Uer

168 1340 303 1426 gilius:
326 1340 489 1424 Propria
510 1341 604 1406 haec
627 1341 659 1405 si
683 1339 783 1405 dona
810 1340 994 1406 fuissent.
1078 1341 1098 1404 9
1120 1340 1160 1416 ,de

167 1432 322 1494 normat
345 1430 521 1514 agellum.
553 1433 644 1494 extra
657 1429 790 1495 modum
804 1429 985 1514 procedens
1002 1430 1160 1494 denorme

167 1516 260 1602 facit,
287 1518 354 1582 uel:
383 1517 475 1582 illum
497 1517 647 1603 designat
674 1520 707 1582 et
734 1518 825 1583 uelut
852 1539 970 1582 norma
999 1518 1107 1604 posita
1133 1517 1163 1579 de

130 1605 250 1669 rafinit.
321 1606 361 1670 12
385 1605 494 1670 diues
519 1608 640 1672 amico
662 1605 839 1671 Hercule.
876 1607 965 1692 ideo,
996 1607 1075 1692 quia
1097 1607 1164 1670 theu

171 1694 274 1758 sauris
297 1697 434 1778 praeest.
492 1698 525 1758 et
553 1698 629 1759 sunt
652 1695 706 1779 qui
730 1694 868 1759 eundem
891 1695 1090 1761 incubonem
1111 1715 1163 1778 quo

171 1803 232 1866 que
260 1804 330 1847 esse
356 1783 467 1847 uelint.
512 1782 597 1848 unde
625 1785 743 1868 putant
767 1786 800 1847 et
822 1785 911 1868 quod
932 1806 987 1849 res
1012 1784 1129 1850 rustica
1150 1782 1155 1792 '

170 1873 289 1937 tutela·
307 1872 350 1938 sit
382 1872 459 1936 eius.
503 1894 581 1936 narn
611 1872 661 1936 illi
696 1872 855 1937 sacrificia
890 1873 1036 1938 reddunt
1072 1869 1167 1936 rustici

173 1983 246 2025 curn
272 1962 426 2027 iuuencos
454 1960 667 2026 domauerint.
716 1964 886 2046 praeterea
919 1961 1019 2027 etiam
1054 1960 1161 2026 traditu

133 2067 159 2106 2⁰
172 2049 298 2133 fabula,
334 2050 433 2115 fuisse
465 2050 637 2134 quendam
661 2050 934 2134 mercennarium,
970 2051 1029 2134 qui
1068 2069 1162 2130 sempe

173 2136 348 2203 Herculem
380 2139 569 2223 deprecatus
597 2139 652 2223 sit,
683 2142 721 2202 ut
748 2138 810 2204 sibi
837 2138 917 2204 boni
945 2139 1071 2223 aliquid
1100 2158 1164 2222 prus

175 2229 284 2290 staret.
331 2248 426 2311 quem
448 2226 604 2293 Hercules
632 2227 674 2291 ad
696 2225 893 2292 Mercurium
922 2227 1014 2292 duxit
1045 2231 1078 2293 et
1100 2227 1164 2290 obse

156 2318 282 2380 ‹eratus
319 2315 530 2381 thensaurum
565 2315 644 2381 lecit
680 2316 816 2381 ostendi.
884 2337 948 2400 quo
983 2315 1102 2382 effosso
1134 2314 1173 2376 ill

176 2403 315 2468 eundem
342 2425 465 2490 agrum,
486 2407 522 2470 ula
545 2426 608 2490 quo
628 2426 760 2488 operam
773 2405 1031 2470 mercennariam
1046 2403 1169 2470 faciebat

136 2512 162 2553 aa
177 2493 380 2578 comparauit
402 2497 435 2558 et
457 2494 561 2566 labori
585 2493 679 2559 solito
704 2515 836 2578 operam
860 2492 961 2578 dedit3
984 2493 1096 2578 sieque
1117 2511 1164 2576 pro

176 2583 270 2648 bauit
282 2581 461 2648 Mercurius
479 2583 565 2667 quod
585 2583 624 2647 de
647 2604 686 2647 eo
708 2583 914 2665 praedixerat
935 2580 1082 2668 Herculi,
1103 2580 1173 2644 null

176 2693 212 2736 re
238 2672 330 2737 illum
357 2693 454 2757 posse
480 2671 611 2736 beatum
638 2672 762 2754 uiuere,
790 2692 863 2736 cum
891 2671 927 2736 in
957 2671 1073 2736 eadem
1095 2689 1170 2752 oper

179 2762 277 2826 etiam
299 2764 375 2846 post
397 2761 618 2826 inuentionem
640 2760 809 2825 thensauri
827 2761 1060 2844 perseuerauit.
1104 2758 1163 2822 Per

180 2849 275 2914 sius:
316 2848 462 2915 Dextro
505 2848 706 2919 Hercule..
748 2849 990 2934 pupillumue
1032 2849 1164 2913 utinam

138 2961 166 3002 uo
181 2959 289 3022 quem
311 2939 509 3022 proximus
531 2937 643 3002 heres
663 2937 834 3022 Inpello,
857 2957 1081 3023 expungam.
1115 2933 1169 3018 qui

255 3119 286 3169 rs
305 3113 375 3168 Asu
395 3119 420 3182 e,
439 3118 490 3169 sur
564 3118 597 3168 ss
615 3111 692 3168 Pers.
711 3117 738 3180 a,
758 3117 790 3166 11

254 3263 269 3310 1
288 3255 368 3311 uelut
386 3259 491 3311 utrem:
509 3253 648 3310 uelutrem
668 3272 686 3308 a
703 3271 737 3308 ua
757 3259 785 3310 2.
806 3254 845 3307 M
860 3254 925 3320 fort.
943 3253 1060 3308 delenda
1076 3255 1134 3307 aad

182 3334 198 3381 3
218 3327 346 3380 dommus
368 3327 405 3379 M
421 3326 458 3380 sit
477 3344 495 3394 ς
561 3325 755 3389 odorabatur
772 3340 836 3380 aus:
855 3324 1035 3379 donabantur
1053 3325 1092 3378 M
1152 3327 1169 3370 1·

182 3397 235 3448 hec
254 3396 292 3448 M
358 3396 491 3449 14111um
508 3395 547 3448 H.
568 3394 737 3464 Stephanus:
755 3394 828 3450 ullnd
847 3395 886 3448 M
950 3394 1038 3449 uelud
1057 3394 1096 3448 M
1151 3399 1171 3442 1·

183 3480 288 3517 amucus
307 3464 345 3516 M
411 3471 443 3518 l'l
462 3466 572 3534 putant,
591 3465 668 3532 quod
687 3467 717 3519 et
734 3484 752 3534 ς
769 3465 843 3520 unde
861 3466 982 3536 putant?
1000 3481 1035 3520 eo
1053 3463 1122 3534 quud
1137 3475 1173 3514 ao·

255 3537 288 3584 22
308 3533 469 3587 obsecratur
488 3535 527 3587 M
543 3535 703 3589 obseratum
722 3555 739 3605 ς
803 3541 838 3590 25
856 3536 991 3606 pronamt
1009 3535 1048 3589 M
1105 3541 1133 3588 26
1148 3531 1173 3584 d=

185 3599 444 3722 poiffprptsbalpldeo
464 3603 503 3655 M
517 3604 713 3676 mercenarius,
732 3606 809 3675 quod
827 3606 895 3662 deus
914 3625 932 3674 ς
996 3611 1032 3661 30
1046 3618 1169 3675 expungi*8

318 3709 335 3736 ν
