2378 3934
170 334 311 379 mensa.
356 310 526 376 Gallonius
557 309 611 375 hic
646 312 696 373 est
728 309 784 394 qui
814 307 941 393 primus
972 309 1140 395 acipensere

171 402 318 466 conuiuis
342 399 502 485 adposuit.
567 400 611 464 48
639 398 799 463 infamis
827 399 918 483 quid
946 402 1039 463 tum.
1080 400 1167 485 figura

170 493 251 556 ncta
288 488 373 575 apud
408 487 582 554 Horatium
616 487 810 552 nauseandi
842 487 883 552 ad
917 487 1015 552 aliam
1045 509 1109 552 rem
1129 489 1171 554 ita?

99 601 102 606 ·
170 585 281 644 tamen
303 583 341 644 ut
363 578 572 663 intellegatur
595 577 635 640 ab
655 575 841 661 acipensere
864 578 1000 642 Mandro
1022 577 1065 642 ad·
1078 576 1167 642 rhon-

143 669 258 734 abum.
302 671 358 733 ut:
391 665 605 732 Caecubum
637 669 674 729 et
696 665 804 749 prelo
837 665 1023 730 domitam
1044 663 1168 732 Caleno

170 763 249 822 tum
272 757 381 822 bibes
404 778 525 821 uuam.
561 776 643 818 mea
665 776 735 819 nec
756 753 946 819 Falernae
969 757 1169 838 temperant

170 847 281 912 uites.
362 845 406 910 50
450 845 571 910 donec
606 864 675 908 uos
711 843 840 908 uictor
876 842 1022 909 docuit
1061 841 1172 928 Plotiae

169 935 310 1000 Plancus
333 933 523 1018 praetorius.
567 933 709 997 uictor:
732 933 853 1018 legitur
876 935 911 997 et
933 935 1075 997 auctor.
1134 931 1172 996 ὅθ’

169 1026 281 1089 donee
302 1043 496 1108 uos..erg0
520 1021 652 1107 siquis
669 1041 932 1107 aecocmergos
955 1020 1085 1086 suauis
1106 1021 1168 1085 edi·

129 1113 269 1177 rexerit
292 1133 411 1177 assos.
455 1110 559 1176 Rufus
582 1111 765 1194 praetorius
783 1110 965 1176 instituisse
977 1111 1121 1192 traditur,
1139 1115 1167 1172 ut

169 1202 367 1266 ciconiarum
389 1201 471 1285 pulli
493 1199 775 1265 manducarentur.
819 1200 913 1285 isque
936 1221 1011 1264 cum
1025 1199 1173 1284 repulsam

169 1295 341 1375 praeturae
362 1290 500 1374 tulisset,
522 1289 587 1353 tale
610 1291 811 1374 epigramma
833 1289 965 1353 menrit:

258 1378 506 1445 Ciconiarum
528 1376 651 1443 Rufus
674 1378 750 1442 iste
773 1378 967 1462 conditor,

258 1468 329 1534 Hic
352 1490 370 1533 e
393 1467 540 1533 duobus
563 1467 783 1553 elegantior
805 1466 963 1550 Planci·

128 1579 155 1618 15
260 1556 547 1642 suffragiorum
569 1560 713 1640 puncta
734 1578 811 1622 non
832 1556 928 1621 tulit
950 1560 1103 1642 septem.

258 1644 502 1711 Ciconiarum
524 1647 694 1729 populus
717 1647 824 1710 ultus
848 1648 907 1710 est
928 1649 1095 1710 mortem
1173 1691 1174 1704 ,

168 1735 212 1800 53
255 1733 438 1800 Sordidus
479 1756 499 1797 a
539 1736 655 1800 tenui.
713 1735 749 1799 in
781 1734 928 1800 sordidos
960 1734 1076 1820 incipit
1102 1733 1169 1796 haee

168 1825 289 1910 ecloga.
357 1823 401 1889 55
437 1822 661 1890 Auidienus.
713 1824 768 1889 hic
802 1824 942 1889 nimium
977 1845 1093 1908 parcus
1124 1821 1166 1885 ced

173 1912 263 1980 diues
286 1913 356 1979 fuit.
403 1916 435 1978 et
458 1916 509 1978 est
532 1934 661 1980 sensus:
677 1963 684 1978 .
699 1964 706 1977 .
722 1916 821 1995 [uano
835 1911 1005 1978 luxuriam.
1035 1911 1166 1978 exaltera

129 2023 156 2063 20
171 2003 343 2068 auaritiam
366 2003 547 2084 inminere}
615 2003 659 2068 60
690 2002 758 2067 ille
784 2001 946 2087 repotia.
990 2001 1112 2086 repotia
1131 1998 1166 2061 di-

167 2092 301 2156 cebatur
324 2093 391 2156 dies
414 2095 490 2176 post
512 2091 653 2176 nuptiae.
722 2093 764 2156 62
800 2113 877 2156 non
906 2112 1047 2176 parcus
1078 2087 1175 2162 aceti„

167 2176 257 2264 παρὰ
278 2182 493 2265 προσδοκίαν.
561 2181 649 2246 64..
674 2181 737 2246 hac
759 2181 849 2246 canis
872 2181 978 2265 aiunt,
1006 2180 1069 2244 hac
1088 2180 1169 2260 lupus

167 2272 293 2354 urguet.
338 2290 396 2354 per
426 2271 538 2354 lupum
566 2272 600 2333 et
622 2291 736 2334 canem
759 2269 921 2354 significat
944 2292 983 2333 ex
1005 2290 1072 2333 una
1091 2269 1168 2351 parte

167 2358 328 2423 luxuriam
347 2381 385 2422 ex
404 2359 507 2422 altera
526 2359 698 2424 auaritiam
716 2359 883 2424 inminere.
946 2357 990 2423 65
1015 2380 1086 2443 qua
1106 2375 1167 2419 non

126 2469 153 2508 aa
168 2446 346 2512 offendat
378 2447 564 2512 sordibus.
611 2469 739 2514 sensus:
771 2448 841 2512 uita
866 2448 965 2513 beata
993 2448 1068 2531 erit,
1101 2464 1167 2528 quae

168 2536 278 2602 sordes
301 2537 480 2602 excesserit.
548 2537 591 2603 66
615 2537 655 2601 in
682 2541 857 2602 neutram
884 2540 1036 2622 partem
1059 2534 1167 2600 cultus

237 2683 254 2732 6
273 2677 317 2751 od.
339 2685 363 2746 1,
381 2683 425 2745 20,
444 2683 460 2732 9
537 2683 569 2732 13
588 2677 623 2732 cf.
643 2675 738 2734 Catull
757 2677 800 2734 ed.
819 2677 851 2731 L.
870 2677 972 2732 Miller
989 2694 1017 2747 p.
1038 2683 1073 2733 94

240 2808 253 2855 1
274 2801 395 2871 gallonis
415 2801 453 2855 M
514 2817 654 2872 acciprcna
672 2803 717 2856 eet
735 2817 861 2856 conturna
880 2801 919 2854 M
980 2807 996 2856 8
1014 2794 1167 2858 transeundo

169 2872 207 2924 M
269 2879 471 2943 4accrp1enae.
494 2873 689 2928 readrombum
709 2873 753 2941 M,
772 2872 890 2928 transire
909 2873 1009 2928 addidi
1070 2877 1166 2926 tcecu·

167 2942 243 2998 bum.
299 2943 435 3012 &proelo
458 2943 573 2999 domita.
611 2944 708 2998 caleno
730 2945 762 2998 tu
791 2944 840 3012 M,
872 2945 935 2998 tum
948 2959 1011 3009 noa,
1042 2942 1111 3013 qood
1133 2952 1165 3016 ιφ

166 3030 236 3082 qaae
261 3013 364 3082 Pcrplu
397 3016 430 3070 de
456 3016 550 3084 figeac
576 3016 800 3070 introducendo
827 3016 908 3081 dicit,
936 3016 974 3070 ad
1000 3015 1071 3069 tuac
1089 3011 1163 3080 porti·

166 3086 257 3140 colam
274 3087 414 3153 pertinere
435 3087 567 3141 uideatur
622 3092 637 3141 6
656 3086 850 3142 eanecfalerno
874 3087 913 3139 M
979 3091 994 3140 ’1
1017 3085 1119 3154 placans
1135 3075 1165 3130 M

238 3162 269 3211 11
290 3156 374 3226 1dque
394 3157 434 3210 M
448 3157 564 3226 itaque?
625 3163 657 3211 12
675 3159 824 3227 praeturae
843 3173 907 3212 oca:
928 3159 1071 3226 preturam
1088 3153 1123 3208 M

165 3227 217 3281 tali
237 3229 275 3281 M
329 3235 363 3282 14
381 3229 427 3283 hic
446 3245 462 3284 e
479 3245 530 3284 ooo
547 3245 609 3284 uon
624 3229 662 3283 M
677 3230 731 3297 (ita
748 3233 781 3283 ot
798 3227 944 3284 eiPlctiua
962 3227 1079 3282 Plancus
1090 3221 1164 3276 Rufus

164 3315 261 3354 amaea
279 3300 390 3368 suerio:
414 3299 559 3368 1111111ς
624 3305 655 3354 17
684 3299 749 3354 hoec
772 3315 830 3355 ooo
852 3301 984 3354 uidentur
1003 3297 1105 3368 Pplmia
1121 3305 1164 3374 ²⁴?⁸⁶.

239 3375 271 3424 18
291 3371 393 3440 egloga
412 3371 451 3424 M
516 3376 550 3425 19
577 3372 643 3426 haec
665 3372 751 3426 uerba
775 3387 809 3426 ex
832 3372 887 3426 ecla.
906 3387 933 3425 o.
953 3375 990 3425 64
1011 3371 1088 3424 allato
1107 3363 1162 3418 mall

165 3439 298 3494 uidentur
315 3444 395 3510 atque
411 3442 532 3496 aetolico
550 3458 577 3495 a.
597 3446 634 3496 55
652 3443 783 3497 eacidrese
837 3449 873 3497 20
890 3445 1014 3511 reportas
1032 3441 1068 3494 M
1083 3438 1120 3492 oo

165 3513 198 3560 21
226 3524 328 3577 parcus
354 3529 410 3565 non
442 3511 481 3565 M
554 3518 588 3566 22
617 3513 712 3567 lemma
747 3519 773 3567 et
807 3512 1023 3583 prouerbialiter
1051 3505 1163 3566 addenda

164 3578 315 3716 mg
350 3595 383 3634 ac
400 3582 484 3650 lupus
504 3583 542 3635 M
612 3589 647 3636 24
674 3583 764 3639 altera
783 3600 835 3640 noa
852 3601 886 3639 ea
903 3583 1099 3654 reperientur:
1121 3576 1163 3630 rha

170 149 235 214 248
496 146 617 202 sunno
636 147 671 216 11,
690 153 715 216 2,
733 151 849 202 ca-ca
1141 129 1171 484 ᾦ
