2416 3934
173 102 216 165 46
477 97 550 154 ODE
570 99 591 167 I,
611 103 645 152 38
664 97 693 151 et
712 93 784 150 ODE
804 92 838 161 ll,
859 99 883 146 1.

172 267 288 331 neutro
313 263 400 328 dixit.
436 262 592 328 feminino
616 260 676 325 sic:
699 258 729 324 ll
752 260 924 344 myrteta
946 253 1132 340 prosiluit
1153 261 1181 318 et

173 353 275 420 Haec
304 356 452 436 myrtus
479 349 643 416 Ueneris
676 353 742 414 est.
787 347 868 412 haec
895 347 1021 431 myrtus
1051 343 1181 410 ethaeo

173 446 315 527 myrteta
337 444 358 523 †
381 462 500 508 nomen
523 439 694 525 significat.

575 585 787 594 .,-...........

460 683 904 801 commacerari.
970 671 976 680 ’

147 920 160 961 a
618 899 691 956 ODE
711 907 737 957 1.

262 993 315 1057 Ad
329 993 480 1058 Asinium
500 992 690 1060 Pollionem.
751 996 768 1057 1
793 992 941 1058 Motum
963 1013 1007 1058 ex
1030 985 1197 1057 Metello*

174 1083 332 1147 consule
356 1082 519 1148 oiuicum
537 1105 579 1146 m.
609 1082 690 1147 haec
709 1082 770 1146 ode
784 1081 825 1148 ad
839 1080 992 1147 Asinium
1005 1081 1179 1147 Pollionem

174 1172 376 1238 consularem
409 1171 516 1236 uirum
553 1174 586 1236 et
616 1170 846 1256 triumphalem
879 1171 1000 1255 scripta
1030 1174 1096 1256 est,
1127 1193 1181 1254 qua

173 1261 326 1328 hortatur
350 1282 438 1344 eum,
466 1262 503 1323 ut
531 1259 650 1325 omisso
678 1259 921 1346 tragoediarum
949 1255 1198 1325 scribendarum*

132 1364 160 1404 1⁰
174 1349 281 1415 studio
295 1349 484 1415 inchoatum
497 1347 652 1414 historiae
672 1371 753 1436 opus
776 1352 989 1433 consummet,
1012 1369 1053 1413 ac
1077 1348 1182 1413 deinde

173 1439 208 1504 in
234 1438 404 1523 parecbasi
429 1437 463 1501 id
490 1441 540 1503 est
566 1439 602 1502 in
624 1439 839 1504 translatione
861 1439 1021 1504 bellorum
1047 1438 1181 1502 ciuilimn

173 1527 390 1591 calamitatem
411 1526 519 1591 refert.
563 1529 708 1592 motum
730 1549 777 1591 ex
799 1525 960 1592 Metello
983 1548 1009 1591 c.
1034 1548 1062 1592 c.
1086 1526 1179 1591 Pollio

172 1615 342 1680 historiam
378 1615 455 1679 belli
491 1614 595 1679 ciuilis
632 1637 652 1679 a
689 1614 821 1681 Lentuli
857 1619 890 1680 et
926 1614 1077 1680 Marcelli
1114 1637 1199 1692 con-¹

173 1704 280 1769 salatu
308 1704 415 1789 coepti
442 1703 539 1768 altius
569 1705 689 1788 repetit
720 1705 754 1769 id
786 1708 836 1770 est
868 1727 888 1769 a
914 1703 1052 1770 Metello
1082 1702 1199 1768 Celere

133 1809 159 1849 15
173 1797 206 1858 et
229 1791 265 1856 L.
287 1792 425 1858 Afranio
448 1791 644 1857 consulibus.
681 1793 820 1860 adtende
844 1797 952 1858 autem
975 1815 1047 1859 non
1075 1793 1183 1857 ciuile

173 1881 230 1946 sed
252 1881 417 1948 ciuicum
440 1881 557 1948 dixisse
581 1883 716 1967 antiqua
737 1882 852 1968 figura.
889 1883 938 1946 illi
952 1883 1040 1947 enim
1067 1883 1183 1947 ciuica

173 1975 205 2035 et
236 1971 405 2054 hostica,
436 1969 551 2036 deinde
588 1970 722 2036 ciuilia
759 1975 793 2036 et
827 1971 992 2038 hostilia
1028 1969 1185 2036 dicebant.

173 2059 453 2125 denominationes
492 2064 600 2125 autem
635 2060 697 2125 hae
733 2061 802 2125 fere
837 2060 958 2126 liberae
995 2065 1077 2125 sunt
1109 2060 1185 2144 apud

173 2147 294 2211 doctos.
342 2150 374 2210 et
397 2152 539 2213 motum
562 2169 621 2232 pro
644 2148 729 2214 bello
753 2149 872 2234 posuit.
936 2149 1186 2233 almumque

132 2261 158 2299 20
171 2233 381 2317 Fortunae,
402 2234 465 2300 hoc
489 2240 552 2300 est:
576 2257 658 2319 quae
681 2258 732 2302 res
749 2237 912 2304 humanas
926 2237 1070 2304 ludibrio
1084 2237 1186 2303 habet.

171 2322 194 2383 4
223 2325 261 2385 et
287 2329 396 2384 'arma
428 2344 504 2388 non
537 2323 623 2390 dum
654 2326 822 2411 expiatis
854 2327 888 2391 id
915 2330 978 2391 est:
1007 2325 1047 2392 de
1075 2328 1187 2412 quibus

170 2408 317 2473 nondum
341 2410 461 2494 expiati
482 2412 517 2476 id
540 2413 670 2478 est'loti
694 2435 823 2482 cruores
838 2416 912 2481 sint.
949 2436 1028 2501 ergo
1042 2416 1187 2500 intellegi

170 2497 251 2580 uult,
272 2518 376 2580 paene
400 2499 505 2566 adhuc
528 2501 563 2566 in
586 2502 737 2568 manibus
761 2525 831 2570 esse
855 2525 945 2568 arma
968 2503 1089 2570 ciuilia.
1143 2528 1187 2569 so·

172 2585 241 2649 lent
270 2589 378 2651 autem
405 2591 487 2676 ungi
514 2613 615 2677 arma,
643 2614 716 2657 cum
742 2596 818 2676 post
840 2593 962 2658 bellum
984 2595 1185 2660 transactum

129 2705 156 2744 aa
170 2675 357 2758 reponenda
380 2684 467 2746 sunt.
526 2680 606 2748 ordo
633 2703 710 2767 ergo
739 2684 789 2746 est
816 2681 984 2748 nondum
1017 2683 1184 2769 expiatis

169 2762 381 2863 cruoribus.
472 2771 492 2836 6
516 2772 758 2858 periculosae
781 2771 937 2856 plenum
960 2794 1056 2858 opus
1081 2773 1187 2836 aleae

168 2852 196 2947 t..
219 2852 255 2948 ct
278 2873 299 2912 1·
326 2873 356 2934 p.
386 2877 411 2918 s.
440 2880 466 2924 c.
494 2862 524 2927 d.
583 2860 772 2945 allegoricos
801 2859 861 2946 ait,
884 2859 989 2924 adhuc
1013 2860 1090 2925 odia
1113 2859 1187 2925 belli

169 2935 273 2999 crurhs
302 2937 360 3002 sub
390 2950 499 3028 specie
525 2949 614 3036 pacis
643 2948 771 3014 ostendi
800 2971 861 3014 nec
883 2951 991 3014 tutum
1014 2969 1086 3014 esse
1110 2948 1187 3014 haec

165 3097 259 3212 aad
272 3107 322 3160 aar
340 3100 468 3170 myrtea
483 3107 521 3162 M
537 3109 573 3177 a.
588 3107 734 3162 Praaaa
749 3107 815 3162 aaa.
830 3105 889 3173 rr,
903 3111 941 3161 12
996 3111 1012 3159 θ
1033 3075 1138 3190 nonen
1151 3104 1187 3204 ra

164 3178 930 3351 calamecca
956 3177 1186 3302 ercam

162 3299 285 3423 baffi
300 3301 334 3355 H'
350 3381 383 3428 12
446 3321 535 3378 'lhao
555 3325 594 3378 M
647 3328 680 3377 10
697 3322 788 3446 lippus
804 3317 996 3401 consumta!
1026 3324 1082 3423 ⁴11
1097 3317 1186 3388 par&-

164 3437 203 3490 Μ
273 3447 305 3494 17
325 3445 357 3498 ut
374 3387 497 3516 hgeffilrt
514 3410 573 3461 coa,
590 3393 694 3449 reserat
809 3397 842 3444 13
860 3389 988 3444 Marcelli
1001 3407 1032 3457 ς.
1051 3403 1187 3444 mamerci

415 3470 429 3506 Β
480 3465 557 3519 &M
622 3462 904 3518 22cruores1ntM
968 3465 1002 3514 28
1022 3461 1132 3530 spamae
1152 3459 1190 3511 M

162 3577 206 3633 aa
224 3513 575 3652 gaenffiuffiosanaa
590 3535 629 3589 rr
644 3534 734 3590 aare
752 3531 877 3588 asanaa
889 3531 934 3586 aa
946 3531 1035 3586 aaa
1049 3531 1079 3586 a
1093 3532 1187 3586 osan-
