2416 3934
176 85 221 150 64
536 85 608 142 ODE
628 87 662 156 Π,
683 91 715 140 13
735 88 764 141 et
784 92 825 141 14.

177 253 349 334 separatas.
414 250 522 314 sedes
558 253 668 314 autem
702 250 853 334 piorum
888 248 1021 333 Elysios
1059 269 1175 332 campos

176 338 267 423 dicit,
295 361 375 423 quos
403 344 569 424 separatos
597 338 690 403 aiunt
719 362 739 404 a
762 339 876 404 ceteris
899 339 979 404 locis
1002 337 1176 404 inferorum.

267 428 309 492 23
342 431 379 494 ct
410 428 558 494 Aeoliis
595 427 742 492 fidibus
780 431 1002 512 querentem
1037 424 1177 510 Sappho

177 517 320 600 puellis
345 517 388 582 dc
411 517 674 601 popularibus.
719 517 869 596 Aeoliis
892 516 1053 598 fidibus,
1075 515 1177 598 inquit,

148 606 254 690 squia
277 603 408 690 Sappho
431 605 565 672 Aeolide
593 604 731 677 dialecto
759 605 794 669 in
821 605 1018 671 carminibus
1042 605 1109 670 suis
1130 627 1194 678 usaj

178 699 236 759 est.
295 694 441 778 queritur
468 698 575 760 autem
600 692 731 780 Sappho
761 695 799 760 dc
828 695 944 780 puellis
967 693 1094 759 ciuibus
1117 693 1194 772 suis,³

178 783 264 868 quod
282 782 418 848 Phaona
436 787 555 867 ament,
578 805 673 868 quem
691 784 764 868 ipsa
787 782 942 870 diligebat
965 803 1086 848 amens.
1144 783 1178 846 26

178 875 215 936 et
236 876 274 936 te
298 876 501 938 sonantem
522 873 677 958 plenius
701 895 830 957 aureo,
852 872 891 937 A.
914 895 944 956 p.
967 884 990 936 t.
1035 871 1179 956 plenius

177 961 284 1044 inquit
316 965 532 1046 sonantem,
564 962 640 1047 quia
672 960 811 1027 Alcaeus
842 961 1041 1027 robustiores
1078 961 1113 1025 id
1142 965 1180 1024 est

139 1076 165 1114 ro
178 1049 310 1114 bellicas
331 1071 384 1114 res
408 1051 537 1135 scripsit
559 1055 592 1115 et
614 1050 858 1137 nauigationem
882 1071 983 1134 suam,
1005 1071 1080 1116 cum
1100 1073 1120 1114 a
1140 1054 1195 1131 tp}

177 1138 289 1202 rannis
330 1138 601 1204 Mitulenensibus
642 1141 753 1224 pulsus
796 1144 855 1205 est.
928 1161 1042 1204 aureo
1085 1143 1181 1202 autem

178 1227 328 1310 plectro
356 1232 488 1312 propter
515 1229 708 1314 dignitatem
736 1229 887 1294 carminis
911 1227 1000 1293 dixit.
1069 1227 1113 1291 29
1135 1231 1182 1290 ut-

178 1337 337 1400 rumque
365 1339 475 1382 sacro
504 1318 621 1404 digna
644 1318 802 1385 silentio
826 1319 1016 1383 mirantur
1038 1317 1182 1382 umbrae

180 1404 314 1470 dicere.
366 1410 568 1492 utrumque
601 1406 641 1471 ad
675 1406 804 1492 Sappho
838 1411 871 1473 et
898 1406 1054 1471 Alcaeum
1085 1406 1196 1490 refert„

140 1518 166 1558 15
269 1494 312 1557 32
336 1493 493 1560 densum
521 1497 662 1561 umeris
685 1496 787 1561 bibit
810 1519 899 1562 aure
923 1497 1063 1582 uulgus
1086 1495 1196 1576 multi-j

179 1581 325 1646 tudinem
352 1583 474 1647 scilicet
499 1585 686 1650 umbrarum
714 1584 755 1650 sd
783 1585 978 1651 audiendum
1001 1585 1196 1650 conueniens

178 1669 270 1751 tium,
292 1670 393 1734 bibit
416 1693 506 1736 aure
530 1677 639 1738 autem
662 1674 879 1758 ‘cupidissime
902 1673 1003 1739 audit'
1023 1675 1186 1760 siguificat.

246 1759 289 1823 33
314 1759 404 1843 quid
427 1761 562 1826 mirum
584 1763 649 1827 ubi
676 1764 758 1828 illis
788 1763 1034 1829 carminibus.
1079 1785 1186 1828 sensus

180 1851 243 1912 est:
267 1849 460 1934 mirandum,
482 1849 510 1915 si
528 1852 661 1916 umbrae
681 1852 822 1918 libenter
838 1853 931 1918 illum
952 1849 1097 1937 audiunt,
1121 1873 1187 1917 cum

141 1963 167 2002 so
182 1941 215 2001 et
237 1935 395 2003 Cerberus
424 1941 456 2002 et
485 1961 609 2025 angues
631 1939 849 2006 Eumenidum
878 1944 1031 2026 stupeant
1058 1941 1187 2006 admira·

180 2027 269 2091 tione
298 2028 449 2092 carminis
477 2029 586 2094 illius?
654 2031 697 2094 34
724 2031 838 2096 belua
866 2031 1074 2115 centiceps.
1121 2029 1188 2096 Cer-

180 2114 294 2178 berum
323 2116 413 2200 dicit,
443 2119 499 2201 qui
528 2121 662 2203 propter
690 2121 932 2185 multitudinem
959 2121 1116 2206 anguium
1139 2121 1188 2204 qui

180 2224 220 2266 ex
243 2225 280 2268 eo
305 2205 461 2289 eminent,
491 2209 653 2292 centiceps
675 2212 762 2273 recte
786 2208 911 2274 dicitur.
1001 2209 1043 2273 37
1067 2213 1104 2274 et
1127 2209 1197 2273 Pe:

180 2291 282 2375 lopis
305 2315 444 2375 parens
465 2293 623 2361 Tantalus
643 2297 772 2364 scilicet.
831 2299 873 2364 38
896 2298 1001 2362 dulci
1023 2299 1190 2363 laborem

141 2405 167 2444 25
182 2379 374 2464 decipitur
402 2405 504 2452 sono.
552 2385 657 2451 audax
683 2386 788 2471 figura
815 2385 976 2452 ‘laborem
1005 2385 1191 2472 decipitur’3

181 2469 253 2533 uult
285 2471 372 2560 enim
403 2473 549 2559 intellegi
582 2473 727 2539 audienti
758 2475 806 2539 illi
834 2498 965 2541 sensum
993 2475 1114 2542 laboris
1138 2499 1190 2540 au·

180 2557 267 2624 ferri.
334 2561 376 2625 39
400 2584 469 2628 nec
493 2567 602 2627 curat
625 2562 682 2628 Or.
705 2564 769 2628 iam
793 2564 872 2629 dicit
894 2568 928 2630 et
941 2565 1095 2630 Orionem
1117 2587 1192 2628 auo·

181 2649 247 2712 cari
275 2670 294 2711 a
321 2652 461 2735 propriis
489 2651 631 2716 uenandi
658 2653 891 2737 uoluptatibus
937 2655 1087 2740 agitare
1115 2676 1191 2739 ergo

181 2757 276 2822 agere
300 2761 337 2803 ac
360 2762 418 2824 per
440 2741 503 2806 hoc
525 2741 675 2825 persequi
699 2741 869 2827 significat.

140 2957 167 2999 ³0
595 2933 668 2989 cun
687 2941 712 3004 2,
734 2941 775 2988 a.

270 3037 353 3104 Heu
380 3040 539 3125 fugaces
567 3042 748 3109 Postume
776 3045 970 3110 labuntur.
1016 3046 1058 3111 ad
1079 3046 1194 3111 Postu-

180 3149 269 3192 mum
299 3128 360 3192 hac
390 3123 461 3216 ᾠδῇ
490 3132 634 3216 loquitur
663 3132 701 3197 de
730 3135 893 3198 celeritate
917 3137 1076 3201 currentis
1098 3137 1197 3200 uitae.

252 3305 438 3374 lpopularus
453 3305 491 3358 M
544 3307 621 3362 ode:
642 3309 712 3362 aM
766 3310 871 3380 7qu0d
885 3311 956 3366 oden
971 3326 1027 3365 non
1042 3313 1135 3366 ament
1146 3311 1197 3371 (cr

182 3375 279 3428 amant
298 3379 380 3441 corr.)
399 3376 438 3428 M
498 3381 602 3432 8auro
617 3379 656 3432 M
717 3381 922 3436 erebustiores
937 3381 1087 3451 Suriaque,
1105 3381 1197 3436 scholl.

177 3460 208 3510 p.
227 3448 299 3498 138.-
318 3445 460 3500 robustior
478 3448 522 3500 est
540 3447 579 3502 M
655 3457 687 3505 17
707 3451 880 3522 cupidissimi
901 3453 939 3505 M
1012 3459 1047 3508 20
1066 3467 1197 3508 ceruorus

183 3512 222 3567 M
274 3514 489 3570 admnatronem
509 3517 547 3570 M
599 3525 633 3574 25
651 3521 745 3591 figura
765 3522 861 3577 labore
882 3524 919 3576 M
976 3529 1010 3578 26
1029 3524 1086 3579 rlhs
1107 3523 1141 3577 M

182 3589 216 3637 2⁷
236 3588 316 3640 curat
334 3584 428 3641 Orion.
447 3585 533 3641 dicit?
611 3597 644 3645 31
664 3591 791 3662 fugaces:
810 3593 829 3648 l.
850 3595 888 3647 M
962 3599 996 3648 32
1016 3597 1137 3650 curantrs
1160 3595 1197 3647 M
