2378 3934
341 231 464 286 suano
484 234 519 300 11,
539 238 564 302 ο,
583 239 680 289 s-as.
947 233 1014 300 263

24 397 111 479 noris,
131 417 170 459 ne
192 397 381 479 praesentes
401 395 616 481 suggillarent
631 399 688 460 aut
701 396 822 461 saeculi
835 398 1013 480 praesentis

24 486 178 548 lacerarent
213 503 330 548 mores.
412 484 499 548 8et
525 505 645 569 genus
672 487 710 548 et
737 485 871 550 uirtus.
922 485 1014 550 dicit:

23 574 131 636 tamari
154 571 209 656 qui
232 571 276 636 sit
298 591 474 657 generosus
495 576 528 636 et
544 573 649 656 tortis,
671 576 791 657 tamen,
814 573 841 637 si
860 595 928 638 rem
946 595 1014 639 non

23 662 113 746 habet,
143 661 240 725 uilior
271 664 321 725 est
352 661 436 746 alga.
528 660 568 725 11
600 661 682 726 siue
714 661 820 726 aliud
852 662 1013 746 prinum.

23 752 165 834 prinum:
188 750 363 833 priuatum.
419 750 461 814 14
483 753 572 814 ante
595 749 729 814 Larem
752 755 892 836 gustet.
924 751 1041 835 priusa

23 839 96 902 diuiti
127 859 224 922 quam
256 837 332 902 Lari
363 858 467 922 ponas
495 838 665 922 primitias.
715 839 914 905 consuetudo
943 839 1015 924 tuit,

23 933 51 990 ut
64 949 163 991 rerum
176 926 337 1011 primitias
351 925 488 992 Laribus
506 931 674 1010 ponerent.
731 927 772 992 15
795 928 878 993 sine
900 931 1015 1013 gente

22 1019 194 1080 cruentus.
242 1015 324 1079 siue
346 1019 478 1100 gente:
500 1015 653 1100 ignobilis
676 1019 733 1082 aut
754 1017 953 1102 peregrinus.

22 1103 572 1187 ltdiuitiasaerisqueruam.
620 1126 741 1170 ruam:
772 1127 891 1170 eruam.
972 1105 1016 1170 36

20 1196 264 1277 contemptum
294 1213 434 1276 quassa
465 1212 569 1258 nuce.
622 1193 686 1258 hoc
714 1215 753 1256 ex
776 1194 1015 1260 consuetudine.
1032 1217 1059 1256 10

22 1281 63 1345 ‘ne
79 1281 147 1366 quis
161 1281 222 1345 tibi
240 1280 411 1348 minimum
428 1281 505 1365 quid
525 1281 651 1346 auferat
636 1285 726 1346 taut
739 1286 771 1346 te
786 1281 1016 1366 contempnat'

93 1371 133 1436 39
165 1368 351 1436 Canicula
376 1369 513 1434 findet
564 1391 624 1454 pro
654 1370 721 1435 sole
749 1370 884 1436 ardenti
973 1371 1018 1434 40

1 1459 172 1524 'infantrs
196 1461 358 1523 statuas
404 1480 485 1542 quae
508 1458 571 1524 fan
592 1480 659 1524 non
680 1459 817 1542 possint.
880 1459 922 1524 41
946 1456 1018 1524 Fu

22 1548 86 1611 rius
107 1547 290 1612 hibernas
314 1569 409 1612 cana
431 1547 530 1612 niue.
574 1547 628 1612 hic
650 1569 763 1614 uersus
786 1547 878 1612 Furi
900 1545 1018 1611 Biba-

22 1637 85 1700 culi
106 1638 163 1700 est.
209 1636 263 1700 ille
286 1637 373 1702 enim
397 1657 471 1700 cum
494 1636 592 1700 uellet
577 1633 715 1720 tAlpes
744 1636 874 1702 niuibus
904 1637 1060 1720 planasia

1 1769 2 1782 ι
23 1725 193 1808 describere
216 1723 263 1789 ait
284 1723 419 1809 Iuppit
424 1747 464 1788 er
486 1722 671 1789 hibernas
694 1746 790 1789 cana
812 1724 901 1789 niue
929 1746 1035 1790 con-

1 1814 111 1900 pspuit
131 1813 260 1914 Alpes.
305 1833 383 1899 ergo
405 1812 566 1878 tumidum
588 1816 639 1877 est
662 1816 695 1878 et
716 1810 908 1896 κακόζηλον.
976 1813 1019 1877 53

1 1903 98 1986 pquid
118 1902 241 1986 prima
264 1901 441 1973 secundo.
500 1902 581 1968 bene
610 1900 674 1967 hoc
696 1906 730 1966 et
752 1903 842 1968 iuxta
866 1901 1020 1983 ordinem,

2 1992 84 2078 pquia
104 1991 193 2075 prius
215 1991 382 2056 testatoris
405 2011 539 2070 nomen,
567 1990 743 2058 secundum
773 1989 908 2056 heredis.
976 1990 1020 2055 55

2 2080 228 2202 pplerumque
269 2081 455 2145 recoctus.
517 2084 709 2146 recoctus:
730 2080 867 2144 iterum
907 2078 1054 2144 scribare

2 2167 121 2233 lictus.
197 2168 241 2234 56
265 2190 422 2235 coruum
445 2167 602 2234 deludet
623 2168 735 2234 hiant
720 2171 796 2233 tem
819 2170 1021 2251 captator-

2 2207 37 2372 ιιι
42 2278 79 2321 ue
101 2257 216 2322 dabit.
260 2256 324 2323 hoc
346 2257 519 2342 allegorice
542 2257 652 2339 posuit
670 2279 710 2322 ex
726 2257 839 2324 fabula
861 2256 1022 2341 Aesopi,

3 2335 129 2429 inqua
151 2345 307 2430 scriptum
329 2349 388 2429 est,
410 2348 448 2410 ut
470 2345 578 2428 uulpis
602 2366 736 2411 coruum
757 2346 919 2429 inluserit,
948 2367 1023 2412 eum

23 2455 81 2497 ιιιιι
103 2434 239 2498 uidisset
261 2396 390 2499 oaseuni
413 2434 584 2518 ferentem,
614 2434 724 2500 dicens
747 2457 781 2498 se
804 2455 875 2500 esse
898 2396 940 2500 ab
963 2434 1022 2500 illo

23 2523 139 2588 meliore
166 2542 247 2588 uoce
275 2525 308 2586 et
334 2543 580 2606 prouocans,u
558 2525 596 2588 ut
624 2524 785 2604 clamaret.
837 2523 924 2608 quod
947 2544 1021 2588 curn
1035 2547 1064 2588 as

23 2610 113 2676 lacere
144 2610 317 2696 uoluisset,
347 2632 477 2718 casepnn
509 2610 639 2678 demisit
670 2633 708 2678 ac
739 2611 887 2696 perdidit.
979 2611 1023 2677 82

23 2701 159 2780 partita
180 2661 372 2766 lucellirm
417 2693 680 2785 ὑποκοριστικῶς
701 2701 835 2766 lucrum.
915 2699 958 2764 83
981 2704 1025 2764 ut

24 2790 116 2854 canis
149 2811 168 2854 a
200 2789 307 2854 cor-io
338 2810 544 2872 numquam
576 2788 867 2854 absterrebitur
897 2790 1025 2852 uncto.

25 2877 265 2958 prouerbialiter.
325 2876 513 2962 numquam
545 2877 647 2942 deerit
677 2877 740 2942 hoc
769 2875 896 2942 facere?
980 2875 1024 2941 92

5 2959 89 3032 ἶιιιι
121 2966 252 3051 capite
285 2966 456 3048 obstipo:
488 2965 576 3031 tristi
607 2987 645 3030 oc
675 2987 797 3032 seuero.
856 2964 1070 3032 Scauruseo

27 3051 193 3120 ‘inclinato'
216 3054 304 3119 dicit.
379 3054 423 3120 95
447 3076 575 3120 aurem
603 3055 832 3140 substringe
854 3055 1026 3139 loquaci:

5 3141 136 3263 ploquaci
178 3164 289 3208 aurem
324 3143 471 3228 intende,
508 3165 580 3208 curn
616 3143 769 3228 loquitur.
865 3142 908 3208 98
948 3164 1027 3207 ser-

80 3307 113 3356 22
133 3300 254 3356 Babrius
273 3307 306 3356 7⁷

81 3450 94 3497 1
114 3444 192 3498 aut
213 3443 395 3498 ,lacerarent
411 3459 446 3498 m.
466 3449 494 3500 2.
513 3445 611 3513 lamp.
627 3443 666 3496 M
727 3445 857 3514 sporus
877 3442 916 3495 M
930 3443 1027 3510 portes

28 3529 39 3576 ς
115 3520 228 3569 eacus
246 3527 399 3584 qnaeruam
419 3515 457 3568 M
552 3520 584 3568 13
602 3516 756 3583 posumtg
848 3511 1028 3568 renisibus.

28 3584 132 3640 οιιιιιοι
152 3581 191 3639 M
266 3592 300 3641 ro
318 3587 429 3642 ιοοιιιι
447 3586 485 3640 Μ
562 3590 595 3638 ιι
615 3578 804 3641 κὰκοΖιΛοΝ
825 3584 863 3638 M
935 3589 967 3636 re
987 3601 1031 3639 se·

30 3657 134 3711 endum
151 3671 215 3712 uos:
232 3673 286 3716 uc
292 3657 330 3710 M
346 3657 505 3726 secundcg
586 3661 620 3708 22
638 3652 735 3710 fabola
754 3655 793 3708 M
876 3659 910 3707 25
928 3669 1031 3721 prono·

31 3739 77 3782 cans
94 3744 160 3783 uos:
178 3729 345 3798 prouocauit
364 3729 419 3796 Μς
487 3675 525 3781 ς31
544 3727 692 3794 loquacem
710 3725 752 3778 bia
771 3725 810 3778 M
