2416 3934
43 683 46 694 ·
101 671 427 772 Pouecuu
466 629 978 778 Pcaeuiuuoms

16 833 17 902 l
369 849 706 924 acuumuuuan

199 1009 256 1082 IN
284 1010 323 1094 Q.
350 1009 604 1084 HORATIUM
631 1011 864 1087 FLACCUM.

456 1169 616 1177 ———

371 1290 478 1356 Uita
509 1291 701 1357 Horatii.

16 1497 18 1552 l
116 1465 258 1543 Quintus
281 1467 436 1536 Horatius
459 1469 592 1536 Flaccus
618 1474 717 1556 pocta
743 1471 861 1554 lyricus
889 1471 1040 1538 libertino

16 1599 18 1618 l
46 1555 117 1635 patre
142 1561 240 1622 natus
268 1559 375 1641 patn'a
397 1557 541 1627 Uenusia
569 1562 659 1626 ortus
687 1560 821 1626 dubium
843 1560 970 1644 Apulus
999 1583 1042 1626 an

16 1657 17 1680 l
46 1643 171 1710 lucanus
200 1651 241 1710 ut
267 1648 337 1730 ipse
364 1648 552 1714 confitetur:
585 1645 680 1715 Nam
707 1647 927 1716 Uenusinus
957 1655 1042 1715 arat

46 1731 140 1799 linem
162 1736 237 1803 sub
260 1739 461 1821 utrumque
485 1736 657 1822 colonus,
680 1758 761 1821 puer
784 1737 956 1804 admodum
974 1738 1066 1804 Rae

16 1829 18 1898 ξ
46 1844 110 1888 uam
136 1846 216 1890 cum
246 1829 379 1908 parente
405 1827 573 1911 migrauit,
605 1829 643 1892 ut
672 1827 742 1911 ipse
774 1826 869 1894 dicit:
901 1826 1042 1893 Romae

46 1913 169 1978 nutriri
197 1915 295 1980 mihi
322 1915 492 2000 contigit
519 1919 634 2000 atque
662 1915 799 1983 doceri.
846 1937 941 2000 quem
969 1939 1042 1982 cum

45 2008 114 2082 pater
139 2003 290 2068 misisset
316 2005 352 2070 in
373 2004 485 2070 ludum
507 2004 714 2089 litteralium,
741 2005 945 2089 paucissimis
972 2025 1042 2068 eru·

16 2091 17 2114 ³
44 2089 108 2154 litus
129 2093 280 2176 inpensis
304 2094 472 2178 angustias
495 2095 598 2178 patris
621 2095 700 2160 uicit
718 2093 858 2178 ingenio.
894 2072 1040 2158 Atbenas

16 2185 17 2236 ὲ
42 2181 103 2259 petit
123 2181 256 2248 iuuenis
280 2187 314 2248 et
331 2182 377 2247 ibi
394 2183 677 2268 interpellantibus
697 2203 766 2246 sese
785 2181 933 2246 ciuilibus
947 2181 1040 2247 bellis
1055 2209 1080 2247 ιο

16 2257 115 2348 lucc
147 2274 281 2336 secutus
314 2274 364 2338 est
394 2275 512 2355 pantes.
562 2295 582 2336 a
614 2293 677 2356 quc
710 2270 841 2336 militari
873 2271 1042 2336 tribunatu

16 2363 17 2432 l
43 2357 205 2427 honoratus
232 2382 301 2426 non
319 2364 365 2426 ‚ut
392 2361 490 2426 ceteri
512 2361 547 2426 in
569 2361 716 2443 partibus
740 2360 834 2426 uictis
857 2381 1041 2444 perseuera-

16 2433 82 2516 luc.
124 2449 184 2514 sed
213 2471 287 2514 cum
315 2450 450 2518 carmini
476 2449 689 2532 incumberet,
721 2451 834 2531 captus
862 2471 882 2512 a
905 2446 1041 2515 Caesare

42 2538 85 2618 let]
115 2542 193 2622 post
225 2561 381 2625 magnum
412 2543 540 2622 tempus
568 2539 724 2604 beneficio
753 2537 950 2604 Maecenatis
973 2560 1042 2603 non

41 2628 127 2692 solum
152 2631 302 2694 seruatus
325 2627 502 2692 sedetiam
525 2624 655 2693 Caesari
682 2627 718 2690 in
741 2626 917 2692 amicitiam
939 2625 1080 2692 tradi-15

41 2726 87 2782 tus.
130 2717 219 2782 unde
246 2718 281 2780 in
308 2716 465 2782 honorem
492 2715 689 2783 Maecenatis
722 2715 880 2800 quaedam
913 2715 1042 2798 scripsit

41 2810 77 2868 ut:
106 2805 314 2870 Maecenas
342 2805 471 2870 atauis
495 2805 596 2870 edite
619 2806 777 2890 regibus
801 2807 833 2868 et
855 2803 1040 2870 beniuolen-

40 2894 102 2958 tiam
126 2892 276 2960 Caesaris
305 2895 445 2960 carmine
473 2898 675 2979 prosecutus,
705 2897 743 2957 ut
764 2897 814 2957 est
836 2893 928 2957 illud:
961 2891 1042 2958 Neu

95 3166 112 3211 4
130 3176 213 3214 serm.
234 3165 258 3227 a,
279 3166 303 3228 1,
323 3165 357 3214 35
444 3167 521 3230 cep.
542 3165 566 3228 a,
587 3165 611 3228 2,
630 3165 663 3212 41
747 3164 780 3212 17
800 3158 844 3212 od.
866 3165 888 3228 1,
909 3165 932 3226 1,
954 3164 968 3211 1

41 3235 63 3280 a
80 3230 120 3283 oc.
141 3236 168 3298 1,
187 3236 213 3298 a,
233 3237 265 3284 51

40 3004 131 3048 unas
160 2983 292 3048 Medos
321 2985 469 3066 agitare
502 2984 652 3048 inultos
684 2987 722 3046 te
755 2982 859 3066 duce,
892 2979 1041 3047 Caesar.

16 3447 17 3454 χ
98 3397 111 3443 1
134 3390 225 3445 UITA
248 3389 380 3458 ORATII,
408 3391 473 3446 iude
497 3391 598 3458 lampii
622 3390 660 3442 M
746 3395 761 3442 2
792 3388 855 3453 QUI
882 3387 1039 3466 ORATlUS¹

42 3458 179 3532 FLAClcus
197 3463 235 3516 M
315 3468 331 3514 3
350 3477 478 3530 canusia,
501 3480 520 3514 u
543 3478 564 3514 s.
584 3463 600 3514 l.
621 3462 731 3525 addita,
751 3460 790 3512 M
867 3464 899 3511 11
923 3456 1040 3536 mihtara

44 3531 183 3601 {militiaell
200 3533 348 3588 tribunatu
365 3547 428 3586 aes:
447 3533 551 3586 mlhbla
568 3533 729 3586 tubunatus
749 3530 787 3581 M
853 3533 886 3580 14
905 3528 934 3580 et
951 3525 1039 3577 deleta

84 3609 114 3656 15
133 3606 259 3658 seruatus
279 3608 322 3658 est
341 3603 407 3658 sed?
473 3611 509 3658 19
529 3605 637 3672 agitare
657 3601 709 3654 M:
728 3600 854 3666 equitare
872 3595 941 3648 Hor.
962 3593 1037 3645 ccclcl.

82 3712 242 3752 Posmaiou.
811 3692 823 3736 Ῑ
