2416 3934
408 151 481 206 ODE
500 153 522 221 1,
541 155 575 206 37
595 153 624 207 et
643 158 685 207 38.
1011 151 1056 216 45
1192 221 1193 226 ¹

115 315 293 382 nefartis
316 319 353 380 et
376 336 533 400 asperas
555 316 727 380 tractare
751 319 961 400 serpentes.
992 314 1056 382 hoc

61 406 118 470 ideo
136 404 259 490 dicium,
278 405 353 490 quia
372 407 555 488 serpentem
575 404 638 470 sibi
656 403 818 491 obposuit‚
838 405 929 470 cuius
946 425 1058 470 morsu

60 495 135 577 perit
202 493 244 558 29
268 493 486 558 deliberata
508 497 630 559 morte
653 493 823 560 ferocior
846 515 870 559 s.
892 492 928 558 L.
961 493 1056 559 deli-

62 584 179 646 berata
201 585 311 647 utrum
333 604 396 666 pro¹
417 583 561 667 cogitata
582 583 726 667 positum
749 586 811 666 est,
835 605 877 647 an
900 604 976 648 uero
1001 581 1057 646 ‘de

60 694 109 755 qua
134 671 280 756 plerique
310 670 491 736 deliberant
518 670 553 735 id
582 673 632 736 est
661 670 838 756 dubitant’,
869 675 907 736 ut
929 671 972 736 sit
994 671 1083 737 hocs

58 763 234 844 perpetuum
253 759 420 844 epitheton
438 760 562 825 mortis.
596 759 758 845 significat
776 763 884 825 autem
903 760 937 825 in
956 761 1056 844 ipsius

58 848 155 914 nortis
180 848 417 934 significatione
441 849 739 914 constantissimam
760 849 869 914 fuisse.
930 849 974 918 30
996 847 1057 914 Li·

58 939 185 1002 burnis.
222 935 358 1003 Liburni
386 959 466 1024 gens
494 937 616 1022 lllyrici
645 938 750 1022 ferox,
783 938 824 1002 ad
854 937 1056 1004 moriendum

58 1026 256 1111 paratissima.
324 1027 367 1092 30
391 1027 545 1092 scilicet
572 1025 754 1093 inuideas
783 1027 941 1112 priuata
973 1028 1003 1092 d.
1033 1049 1057 1092 s.

57 1138 81 1182 u.
99 1117 128 1180 h.
150 1138 194 1180 m.
215 1119 240 1180 t.
275 1115 456 1181 inuidens
480 1115 602 1181 scilicet
624 1115 789 1201 Augusto,
819 1137 861 1180 ue
884 1117 1057 1205 captiuitas
1072 1141 1097 1180 ιο

58 1227 104 1269 sua
128 1205 178 1270 illi
208 1205 432 1290 gloriosiorem
463 1205 746 1290 honestioremque
778 1205 979 1294 triumphum
1009 1205 1057 1270 fa-

56 1297 128 1358 ceret
159 1297 288 1359 ornatu.
334 1300 412 1359 nam
444 1298 478 1360 et
509 1294 620 1359 Titus
652 1292 788 1359 Liuius
819 1293 936 1378 refert,
968 1295 1058 1359 illam

57 1405 115 1448 cum
137 1383 178 1448 de
200 1383 364 1448 industria
386 1384 428 1448 ab
442 1382 594 1470 Augusto
616 1385 653 1449 in
675 1383 866 1468 captiuitatc
888 1381 1058 1468 indulgen·

56 1474 108 1536 tius
131 1473 331 1538 tractaretur
356 1472 551 1538 idemtidem·
571 1473 676 1538 diacre
704 1469 834 1538 solitam
855 1469 968 1536 fuisse:
1007 1465 1058 1536 Οὐ

56 1557 312 1646 θριαμβεύσομαι
335 1562 368 1626 id
392 1565 532 1628 estnon
554 1561 780 1647 triumphabor
803 1561 844 1626 ab
867 1560 941 1627 alio.
1073 1583 1097 1624 a

462 1751 535 1810 ODE
556 1762 580 1824 1,
600 1759 643 1810 es.

128 1863 310 1931 Persicos
348 1862 411 1930 odi
445 1886 540 1952 puer
576 1868 796 1952 apparatus.
847 1863 890 1928 ad
920 1885 1059 1949 puerum

55 1975 134 2018 suum
167 1953 208 2018 de
239 1953 404 2018 hilaritate
435 1953 580 2039 loquitur
614 1975 740 2042 negans
777 1953 819 2017 ad
854 1952 1058 2038 uoluptatem

56 2065 123 2126 opus
155 2064 227 2107 esse
260 2042 433 2128 magnifico
464 2047 632 2127 apparatu.
665 2041 795 2108 'Persae
826 2045 935 2106 autem
965 2061 1058 2128 reges

56 2132 88 2194 ob
115 2131 235 2196 nimias
264 2131 396 2197 diuitias
424 2131 461 2196 in
491 2130 778 2218 sumptuosissimis
809 2126 931 2196 deliciis
963 2151 1058 2216 agere
1073 2155 1099 2194 20

56 2219 202 2286 dicuutur.
285 2221 306 2286 2
330 2217 540 2306 displicent
561 2242 683 2286 nexae
706 2220 862 2306 philyra
885 2233 1060 2285 coronae.

55 2308 104 2373 hoc
122 2313 184 2374 est:
200 2307 374 2394 displicent
391 2331 531 2376 coronae
545 2310 712 2394 operosius
726 2310 841 2374 factae.
909 2309 929 2374 3
949 2309 1062 2373 mitte'

56 2399 186 2464 sectari
215 2418 305 2464 rosa
334 2421 406 2484 quo
436 2399 608 2466 locorum
638 2421 724 2463 sera
746 2401 925 2464 moretur.
971 2399 1061 2462 uetat

56 2479 181 2568 puerirm
210 2503 407 2575 magnopere
437 2501 534 2553 rosas.
558 2487 620 2553 sibi
651 2509 817 2572 quaerere,
849 2508 931 2575 quae
955 2488 1062 2552 solent

55 2577 108 2640 iam
132 2577 310 2661 praeterito
338 2576 424 2642 ueris
451 2581 596 2661 tempore
624 2599 664 2641 ex
685 2575 907 2662 frigidioribus
932 2575 1059 2640 adferri.
1074 2597 1099 2638 a

120 2665 141 2731 h
176 2665 345 2752 simplici
376 2668 500 2750 myrto
532 2665 634 2732 nihil
663 2665 878 2730 adlabores.
932 2685 1060 2728 sensus:

14 2833 15 2838 ἵ
57 2755 127 2818 nihil
150 2755 321 2821 adlabores
343 2757 451 2839 myrto
475 2751 650 2842 adplicare3
675 2755 811 2839 simplex
830 2754 917 2818 enim
935 2755 1061 2838 myrtus

57 2841 185 2909 delectat
212 2865 273 2910 nec
302 2844 338 2908 in
365 2842 428 2909 hac
457 2866 492 2909 re
521 2844 598 2910 uolo
628 2843 759 2909 sedulus
790 2843 834 2908 sis
863 2841 897 2907 id
920 2845 969 2906 est
992 2842 1061 2908 offi-

57 2931 159 3018 ciosus,
177 2931 308 3016 utplus
327 2949 425 3020 quam
444 2936 550 3018 myrto
570 2933 742 2999 coroneris.
780 2932 859 2997 ordo
874 2934 924 2996 est
938 2935 1061 2997 autem:

14 3031 15 3036 ’
57 3020 126 3084 nihil
149 3043 237 3107 curo,
259 3021 293 3086 id
316 3023 375 3106 est,
395 3021 459 3087 hoc
482 3043 549 3088 non
573 3044 659 3106 curo,
682 3043 719 3086 ac
742 3043 800 3104 per
822 3021 898 3086 hoc:
922 3021 1008 3086 nolo.
1076 3046 1102 3086 co

14 3129 15 3136 ¹
59 3109 211 3195 lneque
239 3131 296 3174 mc
324 3111 394 3176 sub
424 3114 509 3177 arta
531 3111 611 3176 uite
634 3110 841 3176 bibentem.
887 3112 1062 3174 artamui-

60 3200 116 3262 tem
136 3200 275 3283 spissam
298 3221 336 3265 ae
358 3221 416 3285 per
438 3200 500 3265 hoc
524 3200 710 3266 umbrosam
728 3200 846 3284 accipe.
907 3199 925 3262 7
950 3198 1062 3264 Plau·

14 3359 16 3392 j
59 3287 109 3350 tur
138 3289 175 3352 in
203 3287 409 3354 Uidularia
447 3293 590 3374 myrtum
627 3293 659 3354 et
685 3287 843 3355 feminino
877 3309 995 3373 genera
1030 3293 1063 3354 et

14 3513 15 3564 ἐ
121 3517 322 3590 tapposuitg
395 3525 498 3644 tipus
518 3517 557 3572 M
627 3517 773 3588 llybyrm
790 3517 904 3585 lybyrm
922 3515 961 3566 M
1027 3521 1060 3567 13

14 3583 16 3638 ἶ
65 3589 242 3656 captiuitatem
261 3590 300 3644 M
384 3596 417 3646 21

123 3667 154 3717 28
172 3661 316 3718 delectant
336 3661 376 3716 M

460 3589 522 3658 lyra
540 3589 579 3642 M
666 3595 700 3643 22
719 3587 927 3642 hoc-coronae
946 3599 966 3637 a
986 3584 1005 3636 l.
1024 3583 1064 3636 M
