<?xml version="1.0" encoding="UTF-8"?>
<!DOCTYPE html PUBLIC "-//W3C//DTD XHTML 1.0 Transitional//EN"
    "http://www.w3.org/TR/xhtml1/DTD/xhtml1-transitional.dtd">
<html xmlns="http://www.w3.org/1999/xhtml" xml:lang="en" lang="en">
 <head>
  <title>
</title>
<meta http-equiv="Content-Type" content="text/html;charset=utf-8" />
  <meta name='ocr-system' content='tesseract 3.04.00' />
  <meta name='ocr-capabilities' content='ocr_page ocr_carea ocr_par ocr_line ocrx_word'/>
</head>
<body>
  <div class='ocr_page' id='page_1' title='image "./commentuminhora01porpgoog_0270.png"; bbox 0 0 2378 3934; ppageno 0'>
   <div class='ocr_carea' id='block_1_1' title="bbox 178 99 876 169">
    <p class='ocr_par' dir='ltr' id='par_1_1' title="bbox 178 99 876 169">
     <span class='ocr_line' id='line_1_1' title="bbox 178 99 876 169; baseline -0.021 -2"><span class='ocrx_word' id='word_1_1' title='bbox 178 102 244 166; x_wconf 80' lang='grc'><strong>256</strong></span> <span class='ocrx_word' id='word_1_2' title='bbox 483 99 605 155; x_wconf 73' lang='lat' dir='ltr'><strong>anano</strong></span> <span class='ocrx_word' id='word_1_3' title='bbox 625 100 660 168; x_wconf 93' lang='lat'><strong>11,</strong></span> <span class='ocrx_word' id='word_1_4' title='bbox 678 105 704 169; x_wconf 79' lang='lat' dir='ltr'><strong>e,</strong></span> <span class='ocrx_word' id='word_1_5' title='bbox 725 102 876 154; x_wconf 74' lang='lat' dir='ltr'><strong>ror-eso.</strong></span> 
     </span>
    </p>
   </div>
   <div class='ocr_carea' id='block_1_2' title="bbox 138 259 1171 703">
    <p class='ocr_par' dir='ltr' id='par_1_2' title="bbox 138 259 1171 703">
     <span class='ocr_line' id='line_1_2' title="bbox 178 259 1171 350; baseline -0.006 -20"><span class='ocrx_word' id='word_1_6' title='bbox 178 287 236 350; x_wconf 86' lang='lat' dir='ltr'><strong>per</strong></span> <span class='ocrx_word' id='word_1_7' title='bbox 258 265 319 330; x_wconf 89' lang='lat' dir='ltr'><strong>hoc</strong></span> <span class='ocrx_word' id='word_1_8' title='bbox 341 263 423 328; x_wconf 87' lang='lat' dir='ltr'><strong>illud</strong></span> <span class='ocrx_word' id='word_1_9' title='bbox 445 262 653 348; x_wconf 88' lang='lat' dir='ltr'><strong>prouerbium</strong></span> <span class='ocrx_word' id='word_1_10' title='bbox 676 261 748 325; x_wconf 88' lang='lat' dir='ltr'><strong>uult</strong></span> <span class='ocrx_word' id='word_1_11' title='bbox 766 259 975 344; x_wconf 88' lang='lat' dir='ltr'><strong>interpretari</strong></span> <span class='ocrx_word' id='word_1_12' title='bbox 996 261 1102 348; x_wconf 75' lang='grc' dir='ltr'><strong><em>μωρῷ</em></strong></span> <span class='ocrx_word' id='word_1_13' title='bbox 1122 261 1171 324; x_wconf 80' lang='grc' dir='ltr'><strong>καὶ</strong></span> 
     </span>
     <span class='ocr_line' id='line_1_3' title="bbox 178 345 1171 437; baseline -0.006 -19"><span class='ocrx_word' id='word_1_14' title='bbox 178 356 337 437; x_wconf 77' lang='grc' dir='ltr'><strong><em>βασιλεῖ</em></strong></span> <span class='ocrx_word' id='word_1_15' title='bbox 375 348 497 436; x_wconf 80' lang='grc' dir='ltr'><strong><em>νόμος</em></strong></span> <span class='ocrx_word' id='word_1_16' title='bbox 537 345 726 435; x_wconf 54' lang='grc' dir='ltr'><strong>ἄγραφοςς</strong></span> <span class='ocrx_word' id='word_1_17' title='bbox 817 350 881 414; x_wconf 87' lang='grc'><strong>191</strong></span> <span class='ocrx_word' id='word_1_18' title='bbox 919 349 959 414; x_wconf 90' lang='lat' dir='ltr'><strong>di</strong></span> <span class='ocrx_word' id='word_1_19' title='bbox 993 349 1068 414; x_wconf 88' lang='lat' dir='ltr'><strong>tibi</strong></span> <span class='ocrx_word' id='word_1_20' title='bbox 1101 349 1171 413; x_wconf 88' lang='lat' dir='ltr'><strong>dent</strong></span> 
     </span>
     <span class='ocr_line' id='line_1_4' title="bbox 179 436 1170 527; baseline -0.007 -19"><span class='ocrx_word' id='word_1_21' title='bbox 179 447 293 527; x_wconf 89' lang='lat' dir='ltr'><strong>capta</strong></span> <span class='ocrx_word' id='word_1_22' title='bbox 316 442 478 508; x_wconf 78' lang='lat' dir='ltr'><strong>classem</strong></span> <span class='ocrx_word' id='word_1_23' title='bbox 501 439 689 505; x_wconf 82' lang='lat' dir='ltr'>deducere</span> <span class='ocrx_word' id='word_1_24' title='bbox 712 438 839 503; x_wconf 81' lang='lat' dir='ltr'><strong>Troia.</strong></span> <span class='ocrx_word' id='word_1_25' title='bbox 867 436 1106 503; x_wconf 88' lang='lat' dir='ltr'><strong>Homericum</strong></span> <span class='ocrx_word' id='word_1_26' title='bbox 1124 443 1170 502; x_wconf 85' lang='lat' dir='ltr'><strong>est:</strong></span> 
     </span>
     <span class='ocr_line' id='line_1_5' title="bbox 241 519 1115 614; baseline -0.006 -19"><span class='ocrx_word' id='word_1_27' title='bbox 241 527 337 614; x_wconf 75' lang='grc' dir='ltr'><em>Ὑμῖν</em></span> <span class='ocrx_word' id='word_1_28' title='bbox 359 525 422 614; x_wconf 66' lang='grc' dir='ltr'><strong>μὲν</strong></span> <span class='ocrx_word' id='word_1_29' title='bbox 444 527 521 594; x_wconf 76' lang='grc' dir='ltr'><em>θεοὶ</em></span> <span class='ocrx_word' id='word_1_30' title='bbox 545 529 638 592; x_wconf 72' lang='grc' dir='ltr'><em>δοῖεν</em></span> <span class='ocrx_word' id='word_1_31' title='bbox 659 521 820 611; x_wconf 73' lang='grc' dir='ltr'><strong><em>Ὀλύμπια</em></strong></span> <span class='ocrx_word' id='word_1_32' title='bbox 844 519 967 611; x_wconf 73' lang='grc' dir='ltr'><strong><em>δώματ’</em></strong></span> <span class='ocrx_word' id='word_1_33' title='bbox 993 527 1115 610; x_wconf 81' lang='grc' dir='ltr'><strong><em>ἔχοντες</em></strong></span> 
     </span>
     <span class='ocr_line' id='line_1_6' title="bbox 138 605 1130 703; baseline -0.002 -23"><span class='ocrx_word' id='word_1_34' title='bbox 138 639 152 680; x_wconf 77' lang='lat' dir='ltr'><strong>a</strong></span> <span class='ocrx_word' id='word_1_35' title='bbox 246 617 400 703; x_wconf 77' lang='grc' dir='ltr'><strong><em>ἐκπέρσαι</em></strong></span> <span class='ocrx_word' id='word_1_36' title='bbox 423 613 593 703; x_wconf 78' lang='grc' dir='ltr'><em>Πριάμοιο</em></span> <span class='ocrx_word' id='word_1_37' title='bbox 617 613 717 681; x_wconf 79' lang='grc' dir='ltr'><strong><em>πόλιν</em></strong></span> <span class='ocrx_word' id='word_1_38' title='bbox 740 605 780 680; x_wconf 80' lang='grc' dir='ltr'><strong>εὖ</strong></span> <span class='ocrx_word' id='word_1_39' title='bbox 803 609 835 680; x_wconf 73' lang='grc' dir='ltr'><strong>δ’</strong></span> <span class='ocrx_word' id='word_1_40' title='bbox 862 608 972 681; x_wconf 74' lang='grc' dir='ltr'><strong><em>οἴκαδ’</em></strong></span> <span class='ocrx_word' id='word_1_41' title='bbox 1000 612 1130 680; x_wconf 76' lang='grc' dir='ltr'><strong><em>ἱκέσθαι.</em></strong></span> 
     </span>
    </p>
   </div>
   <div class='ocr_carea' id='block_1_3' title="bbox 132 703 1176 3101">
    <p class='ocr_par' dir='ltr' id='par_1_3' title="bbox 179 703 1174 1060">
     <span class='ocr_line' id='line_1_7' title="bbox 271 703 1174 791; baseline -0.006 -19"><span class='ocrx_word' id='word_1_42' title='bbox 271 708 334 772; x_wconf 86' lang='grc'><strong>196</strong></span> <span class='ocrx_word' id='word_1_43' title='bbox 371 729 438 791; x_wconf 87' lang='lat' dir='ltr'><strong>per</strong></span> <span class='ocrx_word' id='word_1_44' title='bbox 474 728 584 791; x_wconf 83' lang='lat' dir='ltr'><strong>quem</strong></span> <span class='ocrx_word' id='word_1_45' title='bbox 615 709 675 772; x_wconf 90' lang='lat' dir='ltr'><strong>tot</strong></span> <span class='ocrx_word' id='word_1_46' title='bbox 696 705 859 770; x_wconf 86' lang='lat' dir='ltr'><strong>iuuenes</strong></span> <span class='ocrx_word' id='word_1_47' title='bbox 881 705 1020 789; x_wconf 88' lang='lat' dir='ltr'><strong>patrio.</strong></span> <span class='ocrx_word' id='word_1_48' title='bbox 1064 703 1174 768; x_wconf 72' lang='lat' dir='ltr'><strong>&#39;lloiani</strong></span> 
     </span>
     <span class='ocr_line' id='line_1_8' title="bbox 180 793 1174 863; baseline -0.007 0"><span class='ocrx_word' id='word_1_49' title='bbox 180 797 310 863; x_wconf 87' lang='lat' dir='ltr'><strong>scilicet.</strong></span> <span class='ocrx_word' id='word_1_50' title='bbox 399 796 460 860; x_wconf 74' lang='lat'><strong>197</strong></span> <span class='ocrx_word' id='word_1_51' title='bbox 491 796 597 860; x_wconf 88' lang='lat' dir='ltr'><strong>mille</strong></span> <span class='ocrx_word' id='word_1_52' title='bbox 622 795 750 861; x_wconf 87' lang='lat' dir='ltr'><strong>ouium</strong></span> <span class='ocrx_word' id='word_1_53' title='bbox 773 794 948 860; x_wconf 87' lang='lat' dir='ltr'><strong>insanas.</strong></span> <span class='ocrx_word' id='word_1_54' title='bbox 995 795 1033 858; x_wconf 87' lang='lat' dir='ltr'><strong>ut</strong></span> <span class='ocrx_word' id='word_1_55' title='bbox 1053 793 1112 858; x_wconf 85' lang='lat' dir='ltr'><strong>dno</strong></span> <span class='ocrx_word' id='word_1_56' title='bbox 1131 794 1174 856; x_wconf 88' lang='lat' dir='ltr'><strong>mi-</strong></span> 
     </span>
     <span class='ocr_line' id='line_1_9' title="bbox 179 881 1174 968; baseline -0.006 -18"><span class='ocrx_word' id='word_1_57' title='bbox 179 887 223 950; x_wconf 92' lang='lat' dir='ltr'><strong>lia</strong></span> <span class='ocrx_word' id='word_1_58' title='bbox 244 885 414 949; x_wconf 91' lang='lat' dir='ltr'><strong>hominum</strong></span> <span class='ocrx_word' id='word_1_59' title='bbox 433 883 578 950; x_wconf 77' lang='lat' dir='ltr'><strong>dicimus</strong></span> <span class='ocrx_word' id='word_1_60' title='bbox 645 885 711 949; x_wconf 90' lang='grc'><strong>201</strong></span> <span class='ocrx_word' id='word_1_61' title='bbox 736 904 897 968; x_wconf 88' lang='lat' dir='ltr'><strong>quorum</strong></span> <span class='ocrx_word' id='word_1_62' title='bbox 920 883 1083 948; x_wconf 88' lang='lat' dir='ltr'><strong>insanus</strong></span> <span class='ocrx_word' id='word_1_63' title='bbox 1105 881 1174 965; x_wconf 89' lang='lat' dir='ltr'><strong>qnid</strong></span> 
     </span>
     <span class='ocr_line' id='line_1_10' title="bbox 180 970 1163 1060; baseline -0.004 -22"><span class='ocrx_word' id='word_1_64' title='bbox 180 973 289 1038; x_wconf 89' lang='lat' dir='ltr'><strong>enim.</strong></span> <span class='ocrx_word' id='word_1_65' title='bbox 334 974 420 1038; x_wconf 87' lang='lat' dir='ltr'><strong>inter</strong></span> <span class='ocrx_word' id='word_1_66' title='bbox 442 995 537 1058; x_wconf 87' lang='lat' dir='ltr'><strong>qnos,</strong></span> <span class='ocrx_word' id='word_1_67' title='bbox 566 973 701 1060; x_wconf 39' lang='lat' dir='ltr'><strong>inquitp</strong></span> <span class='ocrx_word' id='word_1_68' title='bbox 715 973 852 1037; x_wconf 86' lang='lat' dir='ltr'><strong>insanus</strong></span> <span class='ocrx_word' id='word_1_69' title='bbox 881 971 952 1036; x_wconf 78' lang='lat' dir='ltr'><strong>est?</strong></span> <span class='ocrx_word' id='word_1_70' title='bbox 983 974 1091 1036; x_wconf 86' lang='lat' dir='ltr'><strong>utrum</strong></span> <span class='ocrx_word' id='word_1_71' title='bbox 1110 970 1163 1034; x_wconf 83' lang='lat' dir='ltr'><strong>inte</strong></span> 
     </span>
    </p>

    <p class='ocr_par' dir='ltr' id='par_1_4' title="bbox 132 1059 1176 2566">
     <span class='ocr_line' id='line_1_11' title="bbox 140 1059 1176 1128; baseline -0.004 -2"><span class='ocrx_word' id='word_1_72' title='bbox 140 1082 166 1122; x_wconf 84' lang='lat' dir='ltr'><strong>ro</strong></span> <span class='ocrx_word' id='word_1_73' title='bbox 181 1062 364 1127; x_wconf 83' lang='lat' dir='ltr'><strong>luxuriosos</strong></span> <span class='ocrx_word' id='word_1_74' title='bbox 389 1065 421 1126; x_wconf 84' lang='lat' dir='ltr'><strong>et</strong></span> <span class='ocrx_word' id='word_1_75' title='bbox 444 1085 562 1128; x_wconf 85' lang='lat' dir='ltr'><strong>auarus</strong></span> <span class='ocrx_word' id='word_1_76' title='bbox 585 1085 629 1127; x_wconf 91' lang='lat' dir='ltr'><strong>an</strong></span> <span class='ocrx_word' id='word_1_77' title='bbox 651 1062 737 1126; x_wconf 83' lang='lat' dir='ltr'><strong>inter</strong></span> <span class='ocrx_word' id='word_1_78' title='bbox 759 1059 973 1126; x_wconf 81' lang='lat' dir='ltr'><strong>ambitiosos?</strong></span> <span class='ocrx_word' id='word_1_79' title='bbox 1045 1059 1107 1124; x_wconf 82' lang='lat'><strong>204</strong></span> <span class='ocrx_word' id='word_1_80' title='bbox 1127 1081 1176 1122; x_wconf 87' lang='lat' dir='ltr'><strong>au</strong></span> 
     </span>
     <span class='ocr_line' id='line_1_12' title="bbox 178 1147 1169 1235; baseline -0.004 -19"><span class='ocrx_word' id='word_1_81' title='bbox 178 1153 304 1235; x_wconf 89' lang='lat' dir='ltr'><strong>ipsum</strong></span> <span class='ocrx_word' id='word_1_82' title='bbox 336 1151 503 1217; x_wconf 89' lang='lat' dir='ltr'><strong>uiolauit</strong></span> <span class='ocrx_word' id='word_1_83' title='bbox 529 1150 680 1218; x_wconf 84' lang='lat' dir='ltr'><strong>Ulixen.</strong></span> <span class='ocrx_word' id='word_1_84' title='bbox 724 1149 851 1235; x_wconf 88' lang='lat' dir='ltr'><strong>ipsum</strong></span> <span class='ocrx_word' id='word_1_85' title='bbox 874 1148 1114 1214; x_wconf 85' lang='lat' dir='ltr'><strong>subaudiamus:</strong></span> <span class='ocrx_word' id='word_1_86' title='bbox 1134 1147 1169 1211; x_wconf 89' lang='lat' dir='ltr'><strong>ini</strong></span> 
     </span>
     <span class='ocr_line' id='line_1_13' title="bbox 179 1237 1164 1325; baseline -0.008 -19"><span class='ocrx_word' id='word_1_87' title='bbox 179 1241 300 1306; x_wconf 88' lang='lat' dir='ltr'><strong>micum</strong></span> <span class='ocrx_word' id='word_1_88' title='bbox 322 1263 425 1306; x_wconf 91' lang='lat' dir='ltr'><strong>suum.</strong></span> <span class='ocrx_word' id='word_1_89' title='bbox 493 1241 558 1306; x_wconf 90' lang='grc'><strong>208</strong></span> <span class='ocrx_word' id='word_1_90' title='bbox 586 1240 652 1325; x_wconf 90' lang='lat' dir='ltr'><strong>qui</strong></span> <span class='ocrx_word' id='word_1_91' title='bbox 674 1237 826 1324; x_wconf 85' lang='lat' dir='ltr'><strong>species</strong></span> <span class='ocrx_word' id='word_1_92' title='bbox 850 1239 949 1303; x_wconf 87' lang='lat' dir='ltr'><strong>alias</strong></span> <span class='ocrx_word' id='word_1_93' title='bbox 972 1237 1059 1302; x_wconf 88' lang='lat' dir='ltr'><strong>ueri</strong></span> <span class='ocrx_word' id='word_1_94' title='bbox 1080 1237 1164 1302; x_wconf 86' lang='lat' dir='ltr'><strong>soele</strong></span> 
     </span>
     <span class='ocr_line' id='line_1_14' title="bbox 179 1326 1170 1414; baseline -0.005 -21"><span class='ocrx_word' id='word_1_95' title='bbox 179 1330 324 1414; x_wconf 88' lang='lat' dir='ltr'><strong>risque:</strong></span> <span class='ocrx_word' id='word_1_96' title='bbox 348 1330 404 1414; x_wconf 93' lang='lat' dir='ltr'><strong>qui</strong></span> <span class='ocrx_word' id='word_1_97' title='bbox 422 1329 564 1414; x_wconf 78' lang='lat' dir='ltr'><strong>concipit</strong></span> <span class='ocrx_word' id='word_1_98' title='bbox 587 1328 696 1394; x_wconf 90' lang='lat' dir='ltr'><strong>animo</strong></span> <span class='ocrx_word' id='word_1_99' title='bbox 721 1327 923 1412; x_wconf 81' lang='lat' dir='ltr'><strong>suspiciones</strong></span> <span class='ocrx_word' id='word_1_100' title='bbox 945 1326 1048 1391; x_wconf 74' lang='lat' dir='ltr'><strong>falsas</strong></span> <span class='ocrx_word' id='word_1_101' title='bbox 1071 1329 1102 1390; x_wconf 89' lang='lat' dir='ltr'><strong>et</strong></span> <span class='ocrx_word' id='word_1_102' title='bbox 1117 1345 1170 1389; x_wconf 90' lang='lat' dir='ltr'><strong>uer</strong></span> 
     </span>
     <span class='ocr_line' id='line_1_15' title="bbox 132 1413 1164 1503; baseline -0.008 -19"><span class='ocrx_word' id='word_1_103' title='bbox 132 1459 140 1468; x_wconf 91' lang='lat'><em>-</em></span> <span class='ocrx_word' id='word_1_104' title='bbox 179 1440 246 1483; x_wconf 89' lang='lat' dir='ltr'><strong>non</strong></span> <span class='ocrx_word' id='word_1_105' title='bbox 260 1418 358 1503; x_wconf 75' lang='lat' dir='ltr'><strong>uidet,</strong></span> <span class='ocrx_word' id='word_1_106' title='bbox 380 1419 408 1483; x_wconf 91' lang='lat' dir='ltr'><strong>is</strong></span> <span class='ocrx_word' id='word_1_107' title='bbox 427 1418 558 1483; x_wconf 87' lang='lat' dir='ltr'><strong>demens</strong></span> <span class='ocrx_word' id='word_1_108' title='bbox 572 1421 633 1482; x_wconf 88' lang='lat' dir='ltr'><strong>est.</strong></span> <span class='ocrx_word' id='word_1_109' title='bbox 699 1417 766 1482; x_wconf 83' lang='lat'><strong>212</strong></span> <span class='ocrx_word' id='word_1_110' title='bbox 789 1417 835 1482; x_wconf 95' lang='lat' dir='ltr'><strong>ob</strong></span> <span class='ocrx_word' id='word_1_111' title='bbox 859 1417 1003 1482; x_wconf 86' lang='lat' dir='ltr'><strong>titulos</strong></span> <span class='ocrx_word' id='word_1_112' title='bbox 1027 1413 1164 1480; x_wconf 86' lang='lat' dir='ltr'><strong>commit</strong></span> 
     </span>
     <span class='ocr_line' id='line_1_16' title="bbox 140 1503 1175 1582; baseline -0.003 -14"><span class='ocrx_word' id='word_1_113' title='bbox 140 1507 233 1572; x_wconf 83' lang='lat' dir='ltr'><strong>istis</strong></span> <span class='ocrx_word' id='word_1_114' title='bbox 265 1507 405 1572; x_wconf 88' lang='lat' dir='ltr'><strong>inanis.</strong></span> <span class='ocrx_word' id='word_1_115' title='bbox 451 1505 720 1582; x_wconf 82' lang='lat' dir='ltr'><strong>subaudiendum:</strong></span> <span class='ocrx_word' id='word_1_116' title='bbox 752 1526 822 1570; x_wconf 91' lang='lat' dir='ltr'><strong>non</strong></span> <span class='ocrx_word' id='word_1_117' title='bbox 849 1509 900 1570; x_wconf 86' lang='lat' dir='ltr'><strong>est</strong></span> <span class='ocrx_word' id='word_1_118' title='bbox 921 1505 1068 1568; x_wconf 87' lang='lat' dir='ltr'><strong>insanus.</strong></span> <span class='ocrx_word' id='word_1_119' title='bbox 1129 1503 1175 1566; x_wconf 65' lang='lat'><strong>211</strong></span> 
     </span>
     <span class='ocr_line' id='line_1_17' title="bbox 179 1592 1176 1661; baseline -0.005 -2"><span class='ocrx_word' id='word_1_120' title='bbox 179 1596 392 1661; x_wconf 88' lang='lat' dir='ltr'><strong>interdicto</strong></span> <span class='ocrx_word' id='word_1_121' title='bbox 424 1595 513 1659; x_wconf 91' lang='lat' dir='ltr'><strong>huic</strong></span> <span class='ocrx_word' id='word_1_122' title='bbox 546 1616 654 1660; x_wconf 90' lang='lat' dir='ltr'><strong>omne</strong></span> <span class='ocrx_word' id='word_1_123' title='bbox 677 1593 823 1659; x_wconf 85' lang='lat' dir='ltr'><strong>adimat</strong></span> <span class='ocrx_word' id='word_1_124' title='bbox 845 1594 915 1658; x_wconf 91' lang='lat' dir='ltr'><strong>ius.</strong></span> <span class='ocrx_word' id='word_1_125' title='bbox 960 1592 1073 1658; x_wconf 89' lang='lat' dir='ltr'><strong>insani</strong></span> <span class='ocrx_word' id='word_1_126' title='bbox 1094 1592 1176 1656; x_wconf 88' lang='lat' dir='ltr'><strong>solen</strong></span> 
     </span>
     <span class='ocr_line' id='line_1_18' title="bbox 180 1681 1176 1769; baseline -0.006 -21"><span class='ocrx_word' id='word_1_127' title='bbox 180 1683 325 1769; x_wconf 88' lang='lat' dir='ltr'><strong>accipere</strong></span> <span class='ocrx_word' id='word_1_128' title='bbox 348 1687 531 1769; x_wconf 87' lang='lat' dir='ltr'><strong>apraetore</strong></span> <span class='ocrx_word' id='word_1_129' title='bbox 555 1688 720 1749; x_wconf 78' lang='lat' dir='ltr'><strong>curatores</strong></span> <span class='ocrx_word' id='word_1_130' title='bbox 744 1683 906 1748; x_wconf 91' lang='lat' dir='ltr'><strong>bonorum</strong></span> <span class='ocrx_word' id='word_1_131' title='bbox 930 1681 1176 1766; x_wconf 56' lang='lat' dir='ltr'><strong>suornm,itau1</strong></span> 
     </span>
     <span class='ocr_line' id='line_1_19' title="bbox 179 1769 1176 1855; baseline -0.005 -20"><span class='ocrx_word' id='word_1_132' title='bbox 179 1771 244 1836; x_wconf 90' lang='lat' dir='ltr'><strong>illis</strong></span> <span class='ocrx_word' id='word_1_133' title='bbox 268 1772 316 1838; x_wconf 92' lang='lat' dir='ltr'><strong>uti</strong></span> <span class='ocrx_word' id='word_1_134' title='bbox 338 1794 405 1838; x_wconf 94' lang='lat' dir='ltr'><strong>non</strong></span> <span class='ocrx_word' id='word_1_135' title='bbox 427 1773 524 1837; x_wconf 88' lang='lat' dir='ltr'><strong>liceat</strong></span> <span class='ocrx_word' id='word_1_136' title='bbox 546 1773 610 1838; x_wconf 90' lang='lat' dir='ltr'><strong>nisi</strong></span> <span class='ocrx_word' id='word_1_137' title='bbox 633 1771 675 1836; x_wconf 87' lang='lat' dir='ltr'><strong>ad</strong></span> <span class='ocrx_word' id='word_1_138' title='bbox 697 1771 869 1837; x_wconf 74' lang='lat' dir='ltr'><strong>arbitrium</strong></span> <span class='ocrx_word' id='word_1_139' title='bbox 892 1770 1052 1855; x_wconf 88' lang='lat' dir='ltr'><strong>alienum,</strong></span> <span class='ocrx_word' id='word_1_140' title='bbox 1078 1769 1176 1834; x_wconf 84' lang='lat' dir='ltr'><strong>scilice</strong></span> 
     </span>
     <span class='ocr_line' id='line_1_20' title="bbox 179 1860 1168 1946; baseline -0.004 -22"><span class='ocrx_word' id='word_1_141' title='bbox 179 1881 221 1925; x_wconf 88' lang='lat' dir='ltr'><strong>ne</strong></span> <span class='ocrx_word' id='word_1_142' title='bbox 243 1861 389 1946; x_wconf 87' lang='lat' dir='ltr'><strong>perdant.</strong></span> <span class='ocrx_word' id='word_1_143' title='bbox 456 1862 522 1927; x_wconf 91' lang='grc'><strong>222</strong></span> <span class='ocrx_word' id='word_1_144' title='bbox 560 1883 667 1946; x_wconf 89' lang='lat' dir='ltr'><strong>quem</strong></span> <span class='ocrx_word' id='word_1_145' title='bbox 700 1861 805 1944; x_wconf 88' lang='lat' dir='ltr'><strong>cepit</strong></span> <span class='ocrx_word' id='word_1_146' title='bbox 837 1860 965 1924; x_wconf 85' lang='lat' dir='ltr'><strong>nitrea</strong></span> <span class='ocrx_word' id='word_1_147' title='bbox 989 1860 1105 1924; x_wconf 87' lang='lat' dir='ltr'><strong>fama:</strong></span> <span class='ocrx_word' id='word_1_148' title='bbox 1136 1879 1168 1920; x_wconf 84' lang='lat' dir='ltr'><strong>an</strong></span> 
     </span>
     <span class='ocr_line' id='line_1_21' title="bbox 140 1946 1166 2035; baseline -0.003 -22"><span class='ocrx_word' id='word_1_149' title='bbox 140 1948 306 2035; x_wconf 77' lang='lat' dir='ltr'><strong>refragilis</strong></span> <span class='ocrx_word' id='word_1_150' title='bbox 331 1954 387 2016; x_wconf 88' lang='lat' dir='ltr'><strong>aut</strong></span> <span class='ocrx_word' id='word_1_151' title='bbox 410 1951 586 2035; x_wconf 88' lang='lat' dir='ltr'><strong>splendida.</strong></span> <span class='ocrx_word' id='word_1_152' title='bbox 654 1949 721 2015; x_wconf 90' lang='grc'><strong>224</strong></span> <span class='ocrx_word' id='word_1_153' title='bbox 760 1970 861 2013; x_wconf 89' lang='lat' dir='ltr'><strong>nunc</strong></span> <span class='ocrx_word' id='word_1_154' title='bbox 898 1969 969 2034; x_wconf 82' lang='lat' dir='ltr'><strong>age</strong></span> <span class='ocrx_word' id='word_1_155' title='bbox 1008 1946 1166 2014; x_wconf 83' lang='lat' dir='ltr'><strong>luxuria</strong></span> 
     </span>
     <span class='ocr_line' id='line_1_22' title="bbox 180 2036 1174 2121; baseline -0.006 -19"><span class='ocrx_word' id='word_1_156' title='bbox 180 2042 217 2102; x_wconf 88' lang='lat' dir='ltr'><strong>et</strong></span> <span class='ocrx_word' id='word_1_157' title='bbox 248 2037 541 2104; x_wconf 89' lang='lat' dir='ltr'><strong>Nomentanum.</strong></span> <span class='ocrx_word' id='word_1_158' title='bbox 586 2059 672 2102; x_wconf 89' lang='lat' dir='ltr'><strong>nunc</strong></span> <span class='ocrx_word' id='word_1_159' title='bbox 703 2038 886 2103; x_wconf 83' lang='lat' dir='ltr'><strong>luxuriosos</strong></span> <span class='ocrx_word' id='word_1_160' title='bbox 916 2037 1053 2103; x_wconf 84' lang='lat' dir='ltr'><strong>insanos</strong></span> <span class='ocrx_word' id='word_1_161' title='bbox 1075 2036 1174 2121; x_wconf 85' lang='lat' dir='ltr'><strong>probat</strong></span> 
     </span>
     <span class='ocr_line' id='line_1_23' title="bbox 179 2124 1172 2208; baseline -0.002 -20"><span class='ocrx_word' id='word_1_162' title='bbox 179 2147 277 2208; x_wconf 85' lang='lat' dir='ltr'><strong>supra</strong></span> <span class='ocrx_word' id='word_1_163' title='bbox 300 2149 416 2192; x_wconf 84' lang='lat' dir='ltr'><strong>auarus</strong></span> <span class='ocrx_word' id='word_1_164' title='bbox 440 2132 473 2192; x_wconf 91' lang='lat' dir='ltr'><strong>et</strong></span> <span class='ocrx_word' id='word_1_165' title='bbox 496 2126 695 2193; x_wconf 86' lang='lat' dir='ltr'><strong>ambitiosos.</strong></span> <span class='ocrx_word' id='word_1_166' title='bbox 763 2126 828 2192; x_wconf 87' lang='grc'><strong>228</strong></span> <span class='ocrx_word' id='word_1_167' title='bbox 863 2148 904 2191; x_wconf 89' lang='lat' dir='ltr'><strong>ao</strong></span> <span class='ocrx_word' id='word_1_168' title='bbox 936 2125 1058 2192; x_wconf 80' lang='lat' dir='ltr'><strong>Tusci</strong></span> <span class='ocrx_word' id='word_1_169' title='bbox 1086 2124 1172 2190; x_wconf 59' lang='lat' dir='ltr'><strong>turb*</strong></span> 
     </span>
     <span class='ocr_line' id='line_1_24' title="bbox 177 2212 1173 2297; baseline -0.003 -22"><span class='ocrx_word' id='word_1_170' title='bbox 177 2212 286 2297; x_wconf 90' lang='lat' dir='ltr'><strong>inpia</strong></span> <span class='ocrx_word' id='word_1_171' title='bbox 322 2215 410 2280; x_wconf 88' lang='lat' dir='ltr'><strong>uici.</strong></span> <span class='ocrx_word' id='word_1_172' title='bbox 466 2217 599 2281; x_wconf 89' lang='lat' dir='ltr'><strong>lenones</strong></span> <span class='ocrx_word' id='word_1_173' title='bbox 636 2215 722 2280; x_wconf 87' lang='lat' dir='ltr'><strong>dicit.</strong></span> <span class='ocrx_word' id='word_1_174' title='bbox 786 2214 832 2279; x_wconf 93' lang='lat' dir='ltr'><strong>ibi</strong></span> <span class='ocrx_word' id='word_1_175' title='bbox 865 2215 952 2279; x_wconf 87' lang='lat' dir='ltr'><strong>enim</strong></span> <span class='ocrx_word' id='word_1_176' title='bbox 985 2215 1173 2280; x_wconf 84' lang='lat' dir='ltr'><strong>commanent</strong></span> 
     </span>
     <span class='ocr_line' id='line_1_25' title="bbox 179 2298 1172 2389; baseline 0.002 -26"><span class='ocrx_word' id='word_1_177' title='bbox 179 2298 302 2365; x_wconf 78' lang='lat' dir='ltr'><strong>Tuscus</strong></span> <span class='ocrx_word' id='word_1_178' title='bbox 326 2302 443 2368; x_wconf 87' lang='lat' dir='ltr'><strong>dicitur</strong></span> <span class='ocrx_word' id='word_1_179' title='bbox 465 2305 569 2389; x_wconf 87' lang='lat' dir='ltr'><strong>uicus,</strong></span> <span class='ocrx_word' id='word_1_180' title='bbox 600 2326 663 2388; x_wconf 86' lang='lat' dir='ltr'><strong>qua</strong></span> <span class='ocrx_word' id='word_1_181' title='bbox 685 2303 752 2368; x_wconf 89' lang='lat' dir='ltr'><strong>itur</strong></span> <span class='ocrx_word' id='word_1_182' title='bbox 776 2302 817 2368; x_wconf 87' lang='lat' dir='ltr'><strong>ad</strong></span> <span class='ocrx_word' id='word_1_183' title='bbox 839 2302 1037 2388; x_wconf 79' lang='lat' dir='ltr'><strong>Uelabrum,</strong></span> <span class='ocrx_word' id='word_1_184' title='bbox 1066 2302 1120 2367; x_wconf 90' lang='lat' dir='ltr'><strong>nbi</strong></span> <span class='ocrx_word' id='word_1_185' title='bbox 1138 2301 1172 2364; x_wconf 84' lang='lat' dir='ltr'><strong>ha</strong></span> 
     </span>
     <span class='ocr_line' id='line_1_26' title="bbox 140 2391 1175 2477; baseline 0.004 -27"><span class='ocrx_word' id='word_1_186' title='bbox 140 2409 252 2452; x_wconf 72' lang='lat' dir='ltr'><strong>aarum</strong></span> <span class='ocrx_word' id='word_1_187' title='bbox 283 2412 391 2456; x_wconf 87' lang='lat' dir='ltr'><strong>rerum</strong></span> <span class='ocrx_word' id='word_1_188' title='bbox 422 2396 618 2458; x_wconf 87' lang='lat' dir='ltr'><strong>mercatores</strong></span> <span class='ocrx_word' id='word_1_189' title='bbox 645 2391 679 2456; x_wconf 89' lang='lat' dir='ltr'><strong>id</strong></span> <span class='ocrx_word' id='word_1_190' title='bbox 702 2396 753 2458; x_wconf 86' lang='lat' dir='ltr'><strong>est</strong></span> <span class='ocrx_word' id='word_1_191' title='bbox 775 2393 987 2477; x_wconf 80' lang='lat' dir='ltr'><strong>unguentarii</strong></span> <span class='ocrx_word' id='word_1_192' title='bbox 1012 2391 1175 2458; x_wconf 80' lang='lat' dir='ltr'><strong>consistunt</strong></span> 
     </span>
     <span class='ocr_line' id='line_1_27' title="bbox 178 2477 1174 2566; baseline 0.001 -26"><span class='ocrx_word' id='word_1_193' title='bbox 178 2477 294 2542; x_wconf 90' lang='lat' dir='ltr'><strong>turba</strong></span> <span class='ocrx_word' id='word_1_194' title='bbox 316 2479 449 2565; x_wconf 87' lang='lat' dir='ltr'><strong>impia,</strong></span> <span class='ocrx_word' id='word_1_195' title='bbox 472 2482 547 2565; x_wconf 85' lang='lat' dir='ltr'><strong>quia</strong></span> <span class='ocrx_word' id='word_1_196' title='bbox 569 2482 604 2546; x_wconf 91' lang='lat' dir='ltr'><strong>in</strong></span> <span class='ocrx_word' id='word_1_197' title='bbox 625 2481 766 2566; x_wconf 86' lang='lat' dir='ltr'><strong>patriam</strong></span> <span class='ocrx_word' id='word_1_198' title='bbox 781 2481 880 2546; x_wconf 81' lang='lat' dir='ltr'><strong>Tusci</strong></span> <span class='ocrx_word' id='word_1_199' title='bbox 893 2481 1000 2546; x_wconf 85' lang='lat' dir='ltr'><strong>redire</strong></span> <span class='ocrx_word' id='word_1_200' title='bbox 1018 2481 1174 2546; x_wconf 77' lang='lat' dir='ltr'><strong>noluerint</strong></span> 
     </span>
    </p>

    <p class='ocr_par' dir='ltr' id='par_1_5' title="bbox 177 2567 1171 2834">
     <span class='ocr_line' id='line_1_28' title="bbox 267 2567 1171 2656; baseline -0.002 -25"><span class='ocrx_word' id='word_1_201' title='bbox 267 2567 333 2631; x_wconf 87' lang='grc'><strong>229</strong></span> <span class='ocrx_word' id='word_1_202' title='bbox 357 2589 440 2633; x_wconf 86' lang='lat' dir='ltr'><strong>curn</strong></span> <span class='ocrx_word' id='word_1_203' title='bbox 459 2572 605 2636; x_wconf 87' lang='lat' dir='ltr'><strong>scurris</strong></span> <span class='ocrx_word' id='word_1_204' title='bbox 627 2571 756 2636; x_wconf 80' lang='lat' dir='ltr'><strong>fartor</strong></span> <span class='ocrx_word' id='word_1_205' title='bbox 778 2593 865 2636; x_wconf 89' lang='lat' dir='ltr'><strong>nunc</strong></span> <span class='ocrx_word' id='word_1_206' title='bbox 883 2571 1010 2656; x_wconf 88' lang='lat' dir='ltr'><strong>auium,</strong></span> <span class='ocrx_word' id='word_1_207' title='bbox 1040 2571 1118 2640; x_wconf 87' lang='lat' dir='ltr'><strong>alias</strong></span> <span class='ocrx_word' id='word_1_208' title='bbox 1139 2589 1171 2630; x_wconf 93' lang='lat' dir='ltr'><strong>no</strong></span> 
     </span>
     <span class='ocr_line' id='line_1_29' title="bbox 177 2654 1148 2745; baseline 0.004 -29"><span class='ocrx_word' id='word_1_209' title='bbox 177 2654 363 2720; x_wconf 86' lang='lat' dir='ltr'><strong>menolator.</strong></span> <span class='ocrx_word' id='word_1_210' title='bbox 431 2658 497 2722; x_wconf 87' lang='grc'><strong>233</strong></span> <span class='ocrx_word' id='word_1_211' title='bbox 534 2659 788 2743; x_wconf 87' lang='lat' dir='ltr'><strong>responderit</strong></span> <span class='ocrx_word' id='word_1_212' title='bbox 810 2681 965 2745; x_wconf 80' lang='lat' dir='ltr'><strong>aequos</strong></span> <span class='ocrx_word' id='word_1_213' title='bbox 1003 2659 1148 2725; x_wconf 86' lang='lat' dir='ltr'><strong>ironicos.</strong></span> 
     </span>
     <span class='ocr_line' id='line_1_30' title="bbox 178 2740 1167 2834; baseline 0.005 -32"><span class='ocrx_word' id='word_1_214' title='bbox 178 2740 243 2804; x_wconf 83' lang='grc'><strong>238</strong></span> <span class='ocrx_word' id='word_1_215' title='bbox 267 2746 382 2808; x_wconf 88' lang='lat' dir='ltr'><strong>nocte</strong></span> <span class='ocrx_word' id='word_1_216' title='bbox 406 2745 537 2810; x_wconf 89' lang='lat' dir='ltr'><strong>citata.</strong></span> <span class='ocrx_word' id='word_1_217' title='bbox 577 2747 698 2834; x_wconf 86' lang='lat' dir='ltr'><strong>legitur</strong></span> <span class='ocrx_word' id='word_1_218' title='bbox 721 2752 754 2814; x_wconf 91' lang='lat' dir='ltr'><strong>et</strong></span> <span class='ocrx_word' id='word_1_219' title='bbox 776 2753 928 2814; x_wconf 86' lang='lat' dir='ltr'><strong>uocata.</strong></span> <span class='ocrx_word' id='word_1_220' title='bbox 997 2749 1065 2814; x_wconf 85' lang='grc'><strong>239</strong></span> <span class='ocrx_word' id='word_1_221' title='bbox 1088 2747 1167 2812; x_wconf 86' lang='lat' dir='ltr'><strong>filiu</strong></span> 
     </span>
    </p>

    <p class='ocr_par' dir='ltr' id='par_1_6' title="bbox 139 2825 1176 3101">
     <span class='ocr_line' id='line_1_31' title="bbox 139 2825 1171 2927; baseline 0.009 -41"><span class='ocrx_word' id='word_1_222' title='bbox 139 2825 323 2927; x_wconf 78' lang='lat' dir='ltr'><strong>sersopi</strong></span> <span class='ocrx_word' id='word_1_223' title='bbox 355 2831 570 2900; x_wconf 86' lang='lat' dir='ltr'><strong>detractam</strong></span> <span class='ocrx_word' id='word_1_224' title='bbox 602 2859 647 2901; x_wconf 87' lang='lat' dir='ltr'><strong>ex</strong></span> <span class='ocrx_word' id='word_1_225' title='bbox 675 2859 766 2902; x_wconf 87' lang='lat' dir='ltr'><strong>aure</strong></span> <span class='ocrx_word' id='word_1_226' title='bbox 788 2835 983 2903; x_wconf 89' lang='lat' dir='ltr'><strong>Metellae.</strong></span> <span class='ocrx_word' id='word_1_227' title='bbox 1053 2835 1171 2918; x_wconf 85' lang='lat' dir='ltr'><strong>Aesopo</strong></span> 
     </span>
     <span class='ocr_line' id='line_1_32' title="bbox 176 2915 1174 3013; baseline 0.007 -36"><span class='ocrx_word' id='word_1_228' title='bbox 176 2915 320 3013; x_wconf 78' lang='lat' dir='ltr'><strong>tragicus</strong></span> <span class='ocrx_word' id='word_1_229' title='bbox 343 2939 481 3004; x_wconf 85' lang='lat' dir='ltr'><strong>magnas</strong></span> <span class='ocrx_word' id='word_1_230' title='bbox 505 2945 584 3008; x_wconf 89' lang='lat' dir='ltr'><strong>opes</strong></span> <span class='ocrx_word' id='word_1_231' title='bbox 610 2925 656 2990; x_wconf 89' lang='lat' dir='ltr'><strong>M.</strong></span> <span class='ocrx_word' id='word_1_232' title='bbox 679 2925 810 3010; x_wconf 86' lang='lat' dir='ltr'><strong>Aesopo</strong></span> <span class='ocrx_word' id='word_1_233' title='bbox 838 2927 907 2993; x_wconf 91' lang='lat' dir='ltr'><strong>filio</strong></span> <span class='ocrx_word' id='word_1_234' title='bbox 934 2926 1104 2992; x_wconf 84' lang='lat' dir='ltr'><strong>luxurioso</strong></span> <span class='ocrx_word' id='word_1_235' title='bbox 1125 2921 1174 2986; x_wconf 86' lang='lat' dir='ltr'><strong>reli</strong></span> 
     </span>
     <span class='ocr_line' id='line_1_33' title="bbox 177 3002 1173 3101; baseline 0.012 -39"><span class='ocrx_word' id='word_1_236' title='bbox 177 3002 255 3083; x_wconf 86' lang='lat' dir='ltr'><strong>qurt.</strong></span> <span class='ocrx_word' id='word_1_237' title='bbox 300 3003 352 3068; x_wconf 87' lang='lat' dir='ltr'><strong>hio</strong></span> <span class='ocrx_word' id='word_1_238' title='bbox 389 3028 463 3073; x_wconf 90' lang='lat' dir='ltr'><strong>oum</strong></span> <span class='ocrx_word' id='word_1_239' title='bbox 493 3013 593 3080; x_wconf 86' lang='lat' dir='ltr'><strong>uellet</strong></span> <span class='ocrx_word' id='word_1_240' title='bbox 623 3015 858 3101; x_wconf 89' lang='lat' dir='ltr'><strong>patrimonium</strong></span> <span class='ocrx_word' id='word_1_241' title='bbox 895 3017 1005 3081; x_wconf 86' lang='lat' dir='ltr'><strong>animo</strong></span> <span class='ocrx_word' id='word_1_242' title='bbox 1044 3015 1173 3080; x_wconf 87' lang='lat' dir='ltr'><strong>euinoer</strong></span> 
     </span>
    </p>
   </div>
   <div class='ocr_carea' id='block_1_4' title="bbox 247 3157 413 3226">
    <p class='ocr_par' dir='ltr' id='par_1_7' title="bbox 247 3157 413 3226">
     <span class='ocr_line' id='line_1_34' title="bbox 247 3157 413 3226; baseline 0.042 -18"><span class='ocrx_word' id='word_1_243' title='bbox 247 3157 413 3226; x_wconf 84' lang='lat' dir='ltr'><strong>411.1,1s</strong></span> 
     </span>
    </p>
   </div>
   <div class='ocr_carea' id='block_1_5' title="bbox 175 3261 388 3277">
    <p class='ocr_par' dir='ltr' id='par_1_8' title="bbox 175 3261 388 3277">
     <span class='ocr_line' id='line_1_35' title="bbox 175 3261 388 3277; baseline -0.005 1"><span class='ocrx_word' id='word_1_244' title='bbox 175 3261 388 3277; x_wconf 55' lang='grc' dir='ltr'><em>Ἣ</em></span> 
     </span>
    </p>
   </div>
   <div class='ocr_carea' id='block_1_6' title="bbox 175 3315 1172 3546">
    <p class='ocr_par' dir='ltr' id='par_1_9' title="bbox 175 3315 1172 3546">
     <span class='ocr_line' id='line_1_36' title="bbox 177 3315 1146 3450; baseline 0.003 -68"><span class='ocrx_word' id='word_1_245' title='bbox 177 3315 407 3439; x_wconf 47' lang='grc' dir='ltr'><strong>εΙΤΙῶΚέΔΜΞΙῙΝ·</strong></span> <span class='ocrx_word' id='word_1_246' title='bbox 432 3328 462 3444; x_wconf 60' lang='lat' dir='ltr'><strong>gt</strong></span> <span class='ocrx_word' id='word_1_247' title='bbox 488 3327 654 3450; x_wconf 52' lang='lat' dir='ltr'><strong>ppei-nu-</strong></span> <span class='ocrx_word' id='word_1_248' title='bbox 683 3339 708 3390; x_wconf 79' lang='lat' dir='ltr'><strong>et</strong></span> <span class='ocrx_word' id='word_1_249' title='bbox 735 3329 978 3392; x_wconf 73' lang='lat' dir='ltr'><strong>eone-ceneu·</strong></span> <span class='ocrx_word' id='word_1_250' title='bbox 1002 3333 1146 3413; x_wconf 67' lang='lat' dir='ltr'><strong>noiomo·</strong></span> 
     </span>
     <span class='ocr_line' id='line_1_37' title="bbox 235 3403 1172 3478; baseline 0.001 -22"><span class='ocrx_word' id='word_1_251' title='bbox 235 3465 267 3478; x_wconf 10' lang='grc' dir='ltr'>ἡ</span> <span class='ocrx_word' id='word_1_252' title='bbox 553 3417 639 3468; x_wconf 90' lang='lat' dir='ltr'><strong>quem</strong></span> <span class='ocrx_word' id='word_1_253' title='bbox 654 3405 692 3460; x_wconf 88' lang='lat' dir='ltr'><strong><em>M</em></strong></span> <span class='ocrx_word' id='word_1_254' title='bbox 728 3411 846 3460; x_wconf 69' lang='lat' dir='ltr'><strong>leanus</strong></span> <span class='ocrx_word' id='word_1_255' title='bbox 864 3406 904 3459; x_wconf 86' lang='grc' dir='ltr'><strong>Μ</strong></span> <span class='ocrx_word' id='word_1_256' title='bbox 949 3412 982 3459; x_wconf 97' lang='grc'><strong>11</strong></span> <span class='ocrx_word' id='word_1_257' title='bbox 1001 3403 1172 3459; x_wconf 81' lang='lat' dir='ltr'><strong>sabaudiam</strong></span> 
     </span>
     <span class='ocr_line' id='line_1_38' title="bbox 175 3411 1147 3546; baseline 0.033 -51"><span class='ocrx_word' id='word_1_258' title='bbox 175 3461 237 3498; x_wconf 79' lang='lat' dir='ltr'><strong>nos.</strong></span> <span class='ocrx_word' id='word_1_259' title='bbox 258 3450 439 3512; x_wconf 77' lang='lat' dir='ltr'><strong>iubendunus</strong></span> <span class='ocrx_word' id='word_1_260' title='bbox 459 3411 498 3516; x_wconf 68' lang='lat' dir='ltr'><strong>lli</strong></span> <span class='ocrx_word' id='word_1_261' title='bbox 553 3476 585 3524; x_wconf 80' lang='lat'><strong>12</strong></span> <span class='ocrx_word' id='word_1_262' title='bbox 605 3475 758 3546; x_wconf 76' lang='lat' dir='ltr'><strong>scelerique</strong></span> <span class='ocrx_word' id='word_1_263' title='bbox 778 3475 817 3529; x_wconf 83' lang='lat' dir='ltr'><em>M</em></span> <span class='ocrx_word' id='word_1_264' title='bbox 872 3482 904 3530; x_wconf 84' lang='lat'><strong>13</strong></span> <span class='ocrx_word' id='word_1_265' title='bbox 924 3491 1094 3546; x_wconf 82' lang='lat' dir='ltr'><strong>suscipiones</strong></span> <span class='ocrx_word' id='word_1_266' title='bbox 1113 3473 1147 3527; x_wconf 84' lang='lat' dir='ltr'><em>M</em></span> 
     </span>
    </p>
   </div>
   <div class='ocr_carea' id='block_1_7' title="bbox 175 3519 1171 3643">
    <p class='ocr_par' dir='ltr' id='par_1_10' title="bbox 175 3519 1171 3643">
     <span class='ocr_line' id='line_1_39' title="bbox 175 3519 1171 3643; baseline 0.031 -69"><span class='ocrx_word' id='word_1_267' title='bbox 175 3519 374 3643; x_wconf 42' lang='lat' dir='ltr'><strong>{¹233ssng</strong></span> <span class='ocrx_word' id='word_1_268' title='bbox 372 3526 409 3578; x_wconf 89' lang='lat' dir='ltr'><strong><em>M</em></strong></span> <span class='ocrx_word' id='word_1_269' title='bbox 471 3539 506 3588; x_wconf 76' lang='lat'><strong>25</strong></span> <span class='ocrx_word' id='word_1_270' title='bbox 525 3537 555 3591; x_wconf 90' lang='lat' dir='ltr'><strong>id</strong></span> <span class='ocrx_word' id='word_1_271' title='bbox 575 3546 617 3598; x_wconf 84' lang='lat' dir='ltr'><strong>est</strong></span> <span class='ocrx_word' id='word_1_272' title='bbox 636 3547 817 3617; x_wconf 79' lang='lat' dir='ltr'><strong>unguentarii</strong></span> <span class='ocrx_word' id='word_1_273' title='bbox 836 3547 952 3602; x_wconf 76' lang='grc' dir='ltr'><strong><em>ᾱαῑεαάα</em></strong></span> <span class='ocrx_word' id='word_1_274' title='bbox 970 3548 1101 3602; x_wconf 68' lang='lat' dir='ltr'><strong>uidentur</strong></span> <span class='ocrx_word' id='word_1_275' title='bbox 1158 3547 1171 3594; x_wconf 69' lang='grc'>3</span> 
     </span>
    </p>
   </div>
   <div class='ocr_carea' id='block_1_8' title="bbox 0 0 1194 3925">
    <p class='ocr_par' dir='ltr' id='par_1_11' title="bbox 0 0 1194 3925">
     <span class='ocr_line' id='line_1_40' title="bbox 0 0 1194 3925; baseline 0 0"><span class='ocrx_word' id='word_1_276' title='bbox 0 0 1194 3925; x_wconf 95' lang='lat' dir='ltr'><strong> </strong></span> 
     </span>
    </p>
   </div>
  </div>
 </body>
</html>
