2378 3934
160 109 224 172 104
515 105 587 162 Onu
605 105 653 173 111,
673 110 706 160 17
725 106 755 158 et
774 109 816 159 rs.

158 275 273 336 matur.
344 271 384 336 13
408 270 494 334 dum
516 272 630 355 potes
654 267 801 333 aridum
816 267 1166 352 componelignum.

159 382 243 425 eras
276 359 431 444 genium
463 379 564 424 mero
596 356 753 422 curabis
785 359 823 420 et
849 377 965 441 porea
995 357 1164 425 bimestri

159 471 240 514 eum
276 448 437 514 famulis
475 468 630 532 operum
668 445 816 510 solutis.
861 445 1164 532 intellegendumin

158 538 237 602 uilla
260 559 319 602 sua
342 559 411 602 esse
433 535 593 619 Lamiam,
626 555 721 622 quem
747 533 819 600 ideo
842 534 992 600 hortatur
1014 537 1102 621 apud
1124 539 1165 602 f-

132 641 233 691 teum
255 626 388 711 epulari.
433 626 479 690 sie
502 624 588 689 enim
612 624 719 688 solent
740 623 853 688 rustici
879 623 999 710 hieme,
1027 647 1106 691 ‘eum
1127 628 1164 691 f-

158 715 233 780 riati
257 719 342 780 sunt.
387 713 472 798 quod
495 714 602 797 ipsum
625 711 851 778 manifestatur
874 734 912 778 ex
935 735 987 798 eo,
1017 715 1105 798 quod
1127 717 1165 779 di-

158 803 241 869 xerit
271 803 426 890 genium
456 802 610 867 curabis
640 823 723 867 eum
745 801 905 866 famulis
932 823 1092 886 operum
1113 827 1164 869 so-

158 893 263 957 lutis.
308 892 386 956 talia
409 895 486 956 sunt
509 891 596 956 enim
618 891 720 956 stilla
734 889 978 975 Uergiliana:
1006 890 1165 957 ‘Inuitat

160 981 328 1065 genialis
359 979 535 1065 hiemps'.
582 979 693 1044 ‘Ante
725 979 854 1045 focum
885 980 917 1044 si
948 980 1078 1066 frigus
1100 983 1165 1046 erit

120 1084 146 1122 10
161 1069 192 1133 si
216 1069 351 1134 messis
373 1070 415 1134 in
438 1068 596 1136 umbra'.

577 1225 650 1280 oure
669 1231 694 1294 a,
715 1231 755 1281 rs.

248 1331 377 1399 Fauna
418 1333 681 1420 Nympharum
731 1333 967 1419 fugientium
1016 1339 1166 1400 amator.

159 1422 309 1487 Faunum
330 1424 476 1509 inuocat,
508 1446 604 1508 quem
626 1423 720 1488 aiunt
740 1423 881 1488 inferum
907 1445 945 1488 ae
967 1424 1164 1508 pestilentem

160 1511 256 1576 deum
280 1533 362 1596 esse,
385 1513 561 1577 seeundum
584 1533 666 1597 quae
689 1515 722 1576 et
745 1533 834 1576 nune
847 1509 1004 1576 Horatius
1023 1512 1166 1596 loquitur,

120 1619 147 1660 ra
161 1621 234 1664 eum
257 1621 331 1663 eum
355 1604 439 1686 orat,
470 1605 508 1665 ut
534 1601 616 1666 lenis
642 1622 700 1684 per
728 1620 824 1686 agros
853 1621 929 1666 suos
952 1605 1111 1684 transeat,
1139 1607 1165 1664 et

160 1687 361 1772 Uergilius
383 1689 419 1752 in
442 1690 579 1774 septimo
603 1689 779 1775 signifieat,
809 1710 882 1756 eum
905 1690 991 1774 apud
1013 1687 1165 1774 Mephitin

160 1777 307 1860 pestiferi
339 1777 446 1843 odoris
478 1778 630 1863 paludem
656 1779 765 1842 lucum
794 1799 867 1842 eum
889 1777 1009 1844 habere
1034 1779 1166 1844 ostendit

161 1865 251 1930 etin
274 1867 482 1932 consulendo'
504 1867 633 1932 oraculo
662 1867 730 1932 eius
753 1867 856 1931 uideri
878 1869 981 1932 inulta
1004 1867 1164 1932 simulacra

161 1954 251 2018 miris
274 1955 378 2019 modis
400 1957 572 2022 uolitantia
596 1959 728 2040 [atque
756 1955 842 2020 imis
865 1954 1091 2022 Acheronta
1113 1955 1164 2020 ad·

121 2042 267 2108 rufatur
289 2043 483 2126 Auernis}
536 2044 772 2130 fugientium
795 2048 957 2110 amator:
995 2067 1057 2130 per
1085 2046 1164 2110 lasei-

160 2131 251 2195 uiam
275 2133 397 2196 scilieet
423 2133 627 2218 fugientium.
673 2134 767 2217 quale
790 2133 869 2198 illud
893 2138 943 2199 est
1000 2133 1053 2200 Et
1074 2133 1166 2218 fugit

162 2218 207 2283 ad
231 2219 370 2284 saliees
394 2224 493 2286 etse
517 2222 627 2307 eupit
648 2225 742 2286 ante
765 2221 901 2288 uideri.
968 2220 990 2289 5
1013 2223 1046 2288 si
1068 2226 1165 2287 tener

161 2307 277 2390 pleno
300 2308 404 2372 eadit
425 2309 570 2376 haedus
598 2331 708 2376 anno.
754 2310 916 2396 signifieat
939 2332 1068 2396 semper
1091 2333 1121 2376 se
1141 2311 1164 2373 ei

162 2395 420 2462 anniuersarium
452 2421 579 2466 sacrum
611 2399 715 2464 haedo
738 2400 854 2465 faeere.
923 2401 941 2465 7
967 2401 1062 2466 uina
1097 2421 1163 2464 ere-

122 2505 148 2547 as
161 2486 297 2549 terrae.
342 2490 514 2553 ureterram
536 2487 673 2553 Ueneris
702 2488 845 2554 sodalem
868 2489 961 2570 dixit,
994 2490 1072 2574 quia
1094 2489 1164 2554 sine

162 2571 300 2638 Oerere
327 2578 364 2638 et
385 2575 523 2643 Libero
552 2577 674 2663 friget
696 2575 835 2642 Uenus.
903 2579 1060 2643 9‘ludit
1089 2578 1164 2641 her-

161 2661 256 2728 boso
278 2684 395 2748 peeus
419 2687 526 2730 omne
551 2687 682 2750 eampo
707 2687 788 2731 eum
811 2667 885 2732 tibi
908 2689 940 2732 n.
963 2689 988 2732 r.
1003 2667 1032 2730 d.
1078 2665 1162 2731 nonis

161 2749 394 2818 Decembribus
416 2752 574 2820 Faunalia
597 2758 674 2820 sunt
696 2756 758 2820 hoe
782 2758 832 2820 est
854 2755 922 2820 dies
944 2755 1048 2820 festus
1062 2753 1164 2834 Fauni,

161 2839 197 2904 in
229 2841 318 2905 euius
354 2843 512 2908 honorem
548 2843 686 2928 peeudes
718 2843 902 2910 lasciuiunt.
995 2844 1035 2910 13
1071 2845 1162 2908 inter

122 2949 148 2990 so
163 2928 326 2994 audaees
348 2931 465 3015 lupus
488 2937 591 2997 errat
614 2953 744 3018 agnos.
790 2953 858 2998 non
881 2932 1020 3018 ‘semper
1037 2931 1161 2997 audaces

234 3103 368 3174 8Ge0rg.
389 3112 413 3173 1,
432 3113 484 3162 302
557 3107 657 3163 9Bue.
677 3113 708 3176 5,-
731 3114 765 3162 70
839 3113 871 3163 16
890 3109 959 3166 Aen.
980 3111 1010 3178 7,
1033 3112 1066 3163 81
1086 3122 1139 3176 sqq.

234 3180 266 3228 21
286 3175 369 3244 Uerg.
388 3177 453 3232 Bue.
473 3184 498 3248 3,
519 3184 560 3234 65.
632 3183 675 3232 25.
695 3177 807 3234 Terent.
825 3177 895 3233 Eun.
914 3184 940 3247 4,
959 3183 985 3248 b,
1005 3184 1030 3232 6.

234 3340 250 3388 2
284 3350 475 3405 merogenrum
495 3337 533 3390 M
619 3339 755 3392 bimestre
769 3379 797 3394 ..
817 3337 906 3394 sohtrs
926 3337 964 3392 M
1056 3342 1159 3406 asspe-

107 3433 111 3440 1
162 3403 216 3457 lm
235 3404 491 3530 fginfedtddntante
505 3425 544 3532 {4
562 3402 1162 3548 quropluffibramlpsmeffipnastniymmfflg

165 3543 273 3614 Pauly:
292 3547 424 3599 emmM
503 3554 536 3602 19
558 3549 635 3605 imisz
662 3550 789 3605 htusM
821 3551 993 3606 baradati
1081 3551 1161 3602 mte-

164 3629 213 3669 nes
233 3616 271 3669 M
341 3621 374 3670 23
393 3616 481 3672 hedus
500 3619 539 3671 M
608 3621 785 3690 301up0s..
805 3637 894 3689 agnus
914 3621 953 3676 M
