2416 3934
428 131 501 188 oon
519 131 540 200 1,
560 117 604 188 aa.
988 133 1031 199 33

38 300 162 361 constare
192 295 337 360 credunt.
404 295 425 359 3
453 293 623 362 Matinus
653 301 747 362 mons
778 297 847 364 siue
876 320 1031 384 promun-

37 387 136 450 tuium
167 387 218 449 est
249 384 404 469 Apuliae,
436 383 527 448 iuxta
581 405 656 449 uem
686 384 852 469 Archytas
885 388 1030 472 sepultus

38 480 81 538 est.
150 473 173 538 4
205 495 274 538 nec
306 473 509 558 quicquam
539 407 616 537 clla
648 473 821 558 prodest:
856 475 939 540 nihil
970 477 1031 544 tibi

36 563 139 648 profuit
162 563 316 647 aduersus
340 561 559 627 conditionem
582 562 800 647 mortalitatis,
824 564 910 650 quod
932 567 1030 632 ratio-

36 675 221 716 uentorum
242 655 379 716 naturae
402 649 436 730 et
458 650 565 735 ipsum
589 651 713 716 caelum
737 651 781 717 sis
800 655 1057 737 perscrutatum

87 744 103 806 7
122 740 268 806 occidit
291 744 327 804 et
344 737 502 825 Pelopis
522 741 687 826 genitor.
724 734 881 807 Tantalus
900 743 1031 808 scilicet.

35 832 97 895 haec
117 833 228 909 autem
250 829 292 893 ad
315 829 466 894 solatium
489 830 603 902 mortis
627 829 799 894 (licuntur.⁴
855 832 875 896 8
895 829 1032 902 Titho-

35 941 162 1004 nusque
186 921 358 1008 remotus
381 919 421 984 in
444 939 558 983 auras
580 917 614 984 id
638 921 701 984 est:
724 920 820 984 terris
838 920 976 996 excessit
994 943 1032 987 ac

35 1031 79 1093 par
102 1009 164 1073 hoc
192 1010 340 1073 mortuus
363 1011 421 1072 cst.
490 1007 510 1071 9
542 1009 580 1072 et
608 1001 722 1072 louis.
768 1007 876 1075 Minos
900 1007 1031 1075 Oreten·

35 1099 98 1161 siun
128 1119 187 1161 rex
217 1096 427 1182 praedicabat
458 1118 492 1161 se
525 1119 598 1162 curn
629 1096 708 1162 Ioue
729 1099 891 1184 ¹conloqui
923 1102 956 1164 et
992 1119 1032 1166 ex
1046 1123 1072 1164 rc

34 1185 148 1251 consilio
173 1186 244 1262 eius
267 1189 385 1252 cuncta
404 1207 509 1273 agere.
577 1185 598 1250 9
621 1183 843 1272 habentque
866 1187 1032 1253 Tartara

32 1275 268 1341 Panthoiden.
305 1285 392 1341 nunc
406 1273 628 1361 Pythagoram
648 1275 819 1362 significat,
842 1277 918 1361 quia
940 1300 1031 1362 prae-

33 1365 133 1444 dicauit
151 1386 188 1429 se
207 1365 249 1428 ad
267 1363 401 1431 OEroiam
418 1361 634 1450 Euphorbum
652 1363 794 1430 Panthoi
812 1365 914 1431 filium
930 1365 1032 1431 fuisse

33 1454 285 1537 interfectumque
308 1475 328 1518 a
350 1452 499 1521 Menelao
527 1451 646 1518 iterum
675 1453 830 1520 reuixisse
853 1457 886 1518 et
908 1454 1032 1520 factum
1201 1483 1202 1536 c

33 1541 235 1628 Pythagoram
253 1541 287 1616 id
306 1543 500 1628 comperisse
518 1543 632 1628 agnito
651 1541 754 1628 clipeo
774 1564 869 1627 quem
882 1541 1032 1629 Euphor·
1046 1567 1071 1608 rs
1201 1593 1202 1630 3

33 1631 74 1696 bus
94 1632 265 1697 habuerat.
336 1630 377 1697 12
399 1631 500 1708 nihil
522 1633 628 1698 ultra
649 1653 791 1698 neruos
810 1654 838 1697 a
857 1652 882 1698 c.
901 1655 943 1698 nu
962 1655 987 1698 c.
1003 1656 1031 1698 a.

33 1720 94 1786 nihil
115 1725 248 1806 praeter
271 1743 388 1806 corpus
411 1722 509 1786 morti
528 1719 619 1786 dans.
684 1722 726 1786 14
748 1720 875 1788 iudice
894 1725 931 1786 te
953 1744 1031 1787 non

33 1809 196 1876 sordidus
224 1812 361 1900 auctor
382 1831 415 1874 n.
437 1833 468 1875 u.
514 1809 706 1876 adfirmante
728 1813 762 1874 te
785 1811 821 1875 de
843 1808 1031 1897 Pythagora

32 1920 180 1966 coneum
201 1899 376 1964 mentitum
398 1899 438 1964 de
460 1902 579 1964 natura
601 1921 709 1964 rerum
732 1899 823 1964 ouius
847 1903 960 1965 auctor
979 1921 1030 1964 cx·

31 1988 87 2052 citit.
157 1987 200 2053 19
224 1987 374 2054 nullum
397 2009 513 2054 saeua
532 2010 558 2054 c.
575 1987 611 2052 P.
628 1988 651 2053 f.
692 1988 818 2053 nullum
836 1985 1071 2074 Proserpinam

31 2077 104 2142 tinet
127 2099 165 2142 ac
192 2099 251 2162 per
273 2077 337 2179 hoc
359 2077 523 2144 neminem
547 2081 717 2179 excentum
734 2076 844 2179 hahet.
888 2078 952 2179 '2⁸1
973 2076 1031 2142 Me

32 2163 1032 2352 OttgiliugzeUOOliueituelltltrsOOltltlimsicllearalelt'sctlt

33 2343 55 2406 id
80 2350 141 2411 est:
178 2345 215 2410 in
248 2342 369 2411 deuexo
403 2345 491 2434 caelo
523 2345 638 2432 posita.
716 2343 757 2408 21
791 2366 847 2409 me
880 2367 1030 2431 quoque

35 2432 151 2499 derexi
173 2457 199 2498 r.
223 2456 248 2498 c.
294 2437 410 2501 notum
433 2436 483 2498 est
506 2438 580 2498 ortu
603 2437 637 2500 et
659 2454 776 2500 occasu
799 2430 928 2498 Orionis
951 2438 1030 2500 tem·
1045 2459 1071 2498 25

35 2525 156 2602 portatos
175 2523 341 2590 concitari.
380 2519 506 2588 Notum
525 2509 676 2591 comitem
691 2520 820 2588 Orionis
839 2522 926 2608 dicit,
944 2524 1030 2608 quod

36 2631 90 2675 cum
112 2611 233 2678 Orione
257 2617 348 2680 ortus
372 2613 422 2680 sit.
496 2613 540 2677 23
569 2615 607 2676 at
634 2616 675 2677 tu
703 2614 822 2676 nauta
849 2632 971 2696 uagae
998 2633 1030 2675 n.

35 2721 55 2781 p.
73 2724 109 2766 m.
131 2701 163 2766 h.
209 2701 521 2790 adapraetereuntes
534 2693 536 2700 ’
549 2704 667 2766 nautas
698 2722 880 2766 samonem
906 2700 1030 2784 Archy-

37 2800 87 2852 tam
114 2791 320 2863 conuertisse?
342 2790 446 2876 fingit.
515 2789 558 2856 25
587 2790 641 2856 sic
670 2790 933 2877 quodcumque
962 2789 1029 2853 mi·

37 2877 180 2963 rabitur,
195 2872 331 2946 Eurus
372 2878 517 2946 Uenusia
536 2880 663 2946 colonia
681 2882 731 2944 est
748 2878 835 2943 inter
853 2875 1029 2944 Lucaniam
1044 2904 1071 2944 ao

39 2969 61 3028 et
75 2963 221 3053 Apuliam
238 2969 347 3057 patria
369 2963 500 3054 p‘oetae.¹
535 2969 620 3034 unde
643 2959 743 3034 siluas
761 2966 946 3034 Uenusinas
969 2990 1029 3052 pro

39 3090 228 3104 ’ᾕ-ι--ι-ι

91 3147 326 3216 amam

41 3241 230 3257 Ἢ

93 3287 272 3358 2archythaa
291 3289 331 3342 M
419 3295 452 3342 13
471 3285 617 3354 euforbnm
640 3285 741 3355 panth1
761 3285 799 3340 M
888 3285 926 3340 15‘
939 3286 970 3340 id
988 3289 1032 3341 est

44 3354 68 3408 M
111 3359 238 3428 colorbus
259 3359 298 3414 M
355 3365 388 3413 17
408 3359 477 3414 dans
495 3374 558 3413 uos:
576 3355 638 3412 dan
657 3357 695 3410 M
746 3355 847 3412 indic&
865 3374 922 3412 non
941 3357 979 3410 M

45 3429 103 3483 oce
120 3429 152 3486 de
168 3431 333 3506 Pythagora
350 3429 627 3500 aos:tepytha1ora
647 3429 685 3482 M
790 3434 825 3482 20
848 3444 954 3484 saeuar.
974 3427 1029 3494 cpf.

46 3495 70 3548 ll
137 3507 169 3558 24
186 3505 281 3572 ponta
300 3502 339 3555 M
415 3501 529 3558 alteram
547 3499 669 3555 scholica
685 3517 714 3554 a.
732 3504 769 3554 21
789 3500 820 3552 ia
840 3498 878 3551 M
894 3501 957 3550 acte
975 3496 1029 3550 sch.

46 3575 292 3699 *gilcrochcitatmfft
360 3579 393 3627 25
412 3591 448 3628 r.:
468 3591 489 3627 s.
511 3571 549 3625 M
600 3571 778 3638 tempestato
799 3567 837 3632 M
903 3571 937 3618 27
956 3580 1031 3632 uage

179 3664 203 3699 su

84 3749 234 3794 Parammon.
802 3731 817 3778 3
