2426 3934
314 125 496 200 1111111111
513 145 548 214 11,
568 153 592 216 1,
616 151 764 203 111-111.
979 144 1045 210 311

11 369 12 442 r
44 308 1044 500 11111111111,1111111111111

11 649 12 664 ψ
43 508 122 659 qr
134 485 1043 660 11111111111111111111

11 691 12 750 p
43 672 82 728 ter
107 663 274 749 diritate,
301 686 384 749 quae
411 665 446 730 in
476 666 497 745 †
527 665 679 730 uerbibus
706 666 895 730 nascuntur.
945 663 1069 729 Omni⁵

42 753 190 838 legumine
213 774 275 838 que
297 754 358 819 boc
381 756 433 818 est
462 753 570 818 asellis
598 753 792 820 continetur.
885 753 949 817 124
976 754 1042 818 mi·

11 847 12 888 3
42 843 139 908 litiae
163 865 391 927 quamquam
412 843 520 926 piper
547 853 579 908 et
600 843 737 910 mulus:
760 842 882 908 malum
905 841 1042 907 debilem

11 931 12 1014 s
41 932 243 1016 inbellemque
270 953 357 996 nunc
384 931 463 997 dicit
489 933 665 996 secundum
688 930 841 1013 Graecos,
869 930 924 1014 qui
947 929 1042 996 huius

11 1023 13 1086 ἓ
42 1021 115 1085 nodi
136 1020 285 1089 homiues
308 1017 473 1096 κακόνους
495 1021 674 1088 nominant.
735 1020 799 1084 124
821 1019 932 1084 utilis
955 1019 1041 1084 urbi

11 1145 12 1154 κ
42 1110 66 1173 11
86 1110 162 1175 das:
185 1112 215 1176 11
236 1111 294 1176 das
311 1111 417 1176 cubem
440 1131 521 1194 quae
540 1131 661 1196 magua
683 1113 743 1192 est,
767 1109 865 1172 etiam
889 1130 908 1172 1
930 1110 1040 1191 paruis
1056 1123 1081 1163 10

40 1199 122 1264 rebus
154 1199 302 1264 adiuuari
328 1221 437 1284 posse,
468 1203 504 1263 ut
535 1222 554 1264 a
585 1199 712 1282 poetica
743 1199 805 1268 uel,
828 1197 1041 1282 grammatica

11 1369 12 1372 Ἴ
41 1288 234 1370 professione.
301 1289 364 1353 126
386 1311 428 1353 os
451 1291 634 1353 tenerum.
680 1290 780 1352 recte:
804 1308 845 1351 os
868 1288 1041 1350 tenerum

41 1378 135 1458 pueri
162 1381 280 1463 poeta
306 1378 463 1464 figurat.
513 1377 649 1461 poeticis
677 1377 764 1441 enim
786 1374 979 1440 lectionibus
1003 1397 1040 1440 os

11 1503 12 1542 p
40 1466 162 1532 infantis
195 1467 301 1532 adhuc
333 1466 437 1532 debile
469 1465 666 1550 balbumque
703 1465 883 1549 corrigitur.
976 1464 1038 1530 127

41 1559 182 1640 torquet
226 1557 272 1620 ab
316 1554 495 1622 obscenis
539 1555 614 1619 iam
656 1575 757 1619 nunc
798 1552 1080 1618 sermonibus15

11 1639 12 1722 ζ
41 1666 150 1712 aures:
174 1645 381 1728 carminibus,
403 1647 440 1709 ut
463 1648 577 1709 auocet
601 1666 620 1708 1
642 1643 791 1728 turpibus
812 1642 916 1707 dictis.
977 1643 1040 1708 128

11 1753 13 1768 ¹
41 1755 110 1798 uox
137 1734 256 1798 etiam
282 1737 424 1816 pectus.
470 1755 583 1798 uerum
606 1737 663 1798 est.
687 1752 688 1756 ’
709 1733 831 1798 multae
855 1731 941 1796 enim
964 1735 1041 1796 sunt

10 1817 66 1902 Ι11
104 1823 210 1906 poetis
256 1823 352 1888 ubiles
398 1824 639 1907 properansque
681 1821 870 1887 sententiae.
977 1821 1039 1884 128

41 1912 158 1976 amicis
182 1912 407 1996 praeceptis
430 1911 493 1976 hoc
508 1915 571 1976 est:
595 1911 736 1978 utilibus.
785 1910 848 1975 130
872 1907 1040 1973 orientia

40 2003 208 2085 tempora.
240 2021 426 2086 proponens
441 2001 586 2084 exempla
600 2001 703 2066 multa
717 1999 824 2081 efficit,
847 2000 884 2061 ut
903 1996 1039 2062 orientia
1053 2010 1079 2050 2⁰

10 2139 12 2180 ,
40 2091 187 2176 tempora,
213 2090 276 2156 hoc
304 2093 354 2156 est
380 2089 558 2173 uenientia,
591 2089 681 2154 cuius
714 2088 800 2154 modi
832 2087 942 2152 futuru
975 2085 1041 2150 sint

10 2221 11 2230 1
40 2179 232 2244 aestimemus
255 2184 288 2246 11
310 2180 509 2244 instruamur
532 2201 571 2243 ex
594 2181 670 2244 ante
698 2178 806 2264 gestis.
890 2175 951 2238 131
980 2175 1040 2238 in·

10 2265 12 2320 1
40 2288 134 2348 opem
167 2270 318 2335 solatur
349 2268 403 2333 uel
434 2268 668 2334 delectamento
702 2268 751 2332 sui
778 2265 831 2332 uel
859 2265 1039 2350 praeceptis
1069 2319 1072 2324 .

10 2321 12 2422 1
38 2354 302 2442 philosophorum.
386 2357 449 2422 132
482 2357 604 2422 castis
636 2378 717 2420 cum
749 2355 889 2439 pueris.
941 2352 1041 2417 infert

39 2465 85 2525 per
114 2448 262 2529 auxesin,
298 2447 385 2531 quod
418 2447 489 2530 quis
521 2467 580 2530 per
611 2447 727 2510 choros
759 2466 778 2508 1
810 2444 859 2506 dis
886 2443 1039 2525 impetrat
1053 2453 1078 2493 2⁵

38 2555 199 2615 puerorum
223 2559 260 2601 ac
284 2535 459 2621 uirginum,
480 2538 595 2619 poetae
615 2531 861 2598 adscribendum
882 2551 960 2606 esse,
984 2530 1040 2612 qui

38 2626 170 2690 carmina
192 2626 264 2709 ipsa
287 2624 461 2708 componit.
532 2624 595 2688 134
617 2623 746 2707 poscit
769 2641 876 2703 opem
900 2617 1039 2683 chorus

10 2781 11 2784 ,
38 2717 67 2774 et
86 2737 115 2798 p.
139 2737 170 2779 n.
194 2737 218 2780 s.
265 2736 302 2780 11
325 2735 382 2798 per
404 2713 480 2779 hoc:
508 2711 685 2777 exauditur.
731 2709 784 2775 hic
808 2711 916 2772 autem
940 2706 1038 2790 signi-

10 2821 11 2826 *
38 2801 102 2866 ficet
129 2804 273 2868 carmina
299 2804 416 2888 quibus
445 2803 489 2867 dii
511 2802 693 2886 placantur,
721 2799 784 2866 hcc
812 2800 874 2862 est:
888 2817 1064 2880 paeones-

39 2889 249 2975 dithyrambos
276 2892 419 2976 hymnos
446 2891 606 2975 prosodia.
699 2889 763 2954 135
793 2887 952 2952 celestis
982 2886 1079 2949 111-11

38 2980 165 3059 plorat.
202 2984 378 3065 enumerat,
397 3002 478 3064 quse
498 2983 531 3045 11
549 2982 670 3063 quante
688 2978 734 3042 dii
751 2976 859 3061 pueris
879 2979 911 3041 et
924 2975 1040 3059 puellis

38 3070 233 3148 precantibus
257 3070 372 3136 merito
399 3068 579 3134 carminum
600 3070 776 3152 praestent.
847 3065 909 3129 137
933 3065 1041 3146 inpe-

37 3219 239 3231 ⁸¹—-

99 3305 115 3353 5
130 3300 223 3355 herbis
238 3318 256 3368 ς
311 3300 361 3353 aut
375 3314 456 3352 omne
470 3299 602 3367 legumen
611 3296 739 3351 Hostbul
752 3311 803 3364 pro
814 3291 890 3347 omni
898 3291 1040 3360 legumine

37 3371 85 3426 eod.
103 3371 154 3440 Βφ
173 3388 227 3441 quo
246 3370 367 3439 siliquae
386 3369 564 3423 continentur
581 3369 626 3422 uel
645 3383 717 3436 quae
736 3365 845 3434 siliquis
864 3364 938 3418 cont.
958 3380 975 3430 ς

38 3447 65 3494 10
82 3443 146 3498 baec
163 3444 262 3498 addidi
361 3458 415 3510 que
436 3441 474 3494 M
567 3445 599 3493 13
618 3439 733 3509 figurat:
751 3437 856 3492 sarmat
875 3434 914 3488 M
1007 3439 1039 3488 16

38 3528 94 3567 uum
112 3515 267 3570 1111111111
285 3529 379 3568 aures:
399 3512 522 3566 delectat
545 3517 644 3565 aures?
736 3515 768 3563 18
789 3509 847 3562 ΒΙω
866 3504 990 3561 ueteres
1010 3521 1039 3572 q.

38 3583 69 3635 M
139 3592 169 3641 19
188 3603 273 3642 1111111
293 3585 331 3638 M
401 3590 436 3638 20
453 3585 534 3637 muta
554 3582 646 3636 Mau
663 3581 748 3635 nota?
821 3581 855 3632 25
875 3575 944 3645 quid
964 3575 1002 3628 M

37 3652 149 3724 imperat
167 3658 204 3713 M
275 3661 309 3711 32
329 3654 484 3711 carminum
503 3653 668 3708 Fabricius:
687 3665 810 3704 ccrmrne
830 3649 868 3700 M
