2416 3934
367 125 437 180 ODE
457 126 492 193 ΙΙ,
512 133 528 182 9
548 128 576 181 et
597 133 637 181 10.
975 127 1017 191 59

56 291 212 356 flebilibus
241 287 363 355 modis
395 288 547 372 Mysten
583 288 801 372 ademptum
837 311 907 353 nec
943 290 1018 354 tibi

55 401 176 464 uespere
208 381 387 463 surgente
425 377 614 442 decedunt
651 399 807 444 amores.
867 377 1019 462 Mysten

54 490 163 551 semper
191 489 326 552 urgues
363 465 396 531 id
434 469 483 530 est
523 466 659 530 instanti
692 467 835 550 querella
866 468 1018 551 quereris.

52 557 344 641 [uesperosurgentel
387 577 547 639 uespero
571 556 747 640 fugiente
771 555 889 620 solem
912 556 945 619 id
969 561 1019 620 est

51 647 176 728 orientem,
188 667 258 710 eum
272 643 397 728 Uesper
411 645 505 710 stella
519 645 611 728 quasi
624 644 745 728 refugit
763 643 796 708 id
820 647 869 708 est
892 645 1017 709 occidit.
1032 662 1044 702 5

86 736 116 798 13
132 738 167 798 at
182 757 255 800 mom
273 737 332 798 ter
350 755 444 798 aeuo
463 734 628 798 functus.
661 731 833 798 Nestorem
849 733 1019 818 significat,

50 823 84 906 qui
100 823 223 888 traditur
244 823 349 888 tribus
370 821 506 886 saeculis
520 822 647 888 uixisse.
684 821 895 888 Antilochum
910 825 1019 887 autem

29 941 30 944 ¹
49 909 158 976 Nestoris
178 913 274 976 fuisse
297 911 401 975 filium
422 915 537 976 notum
561 914 618 975 est.
702 912 741 973 17
771 909 903 976 desine
926 913 1018 976 mol-

50 1001 111 1063 lium
130 1001 390 1084 querellarum.
450 999 579 1064 desine
609 999 868 1084 querellarum
896 999 1018 1066 Graeca

50 1089 169 1154 lueuliome
194 1091 371 1174 figuratum
398 1093 456 1153 est.
516 1089 661 1172 alioquin
687 1110 747 1153 nos
772 1087 891 1154 ‘desine
915 1089 1059 1173 queri'10

49 1177 152 1242 eluimus
238 1179 282 1244 20
316 1180 352 1241 et
383 1177 552 1262 rigidum
580 1175 786 1261 Niphaten.
846 1177 1018 1242 Armeniae

49 1287 110 1329 mous
137 1271 194 1349 est,
224 1268 260 1332 in
292 1289 355 1352 quo
383 1287 502 1350 magna
529 1266 653 1352 frigora
688 1270 772 1330 sunt.
862 1267 904 1331 21
942 1266 1017 1340 Me-

50 1355 167 1438 lumque
184 1356 330 1424 flumen
349 1356 531 1439 gentibus
547 1356 717 1420 additum
731 1353 856 1419 uictis.
890 1355 1019 1420 uidetur

49 1442 195 1526 luplrruten
221 1445 391 1510 Medorum
424 1444 614 1528 siguificare.
671 1461 765 1528 quem
793 1444 839 1507 ait
866 1442 1017 1528 gentibus

29 1533 110 1595 melis
137 1534 277 1598 additum
311 1555 394 1618 esse,
426 1533 459 1598 id
491 1537 552 1616 est,
585 1533 625 1598 ad
656 1554 826 1598 numerum
858 1533 1018 1596 uictarum
1033 1551 1058 1590 15

29 1621 152 1702 ‘gentium
174 1623 355 1688 accessisse.
392 1627 425 1686 et
448 1621 618 1687 additum
641 1623 758 1686 uictis
781 1622 906 1706 poetice
926 1623 1019 1706 quasi

29 1710 116 1774 taeta
136 1713 175 1776 sit
195 1710 317 1777 ferocia
339 1713 478 1795 impetus
502 1711 580 1796 eius,
601 1715 774 1796 postquam
796 1711 901 1776 uictus
924 1713 973 1776 sit.

420 1905 493 1962 ODm
512 1913 537 1976 r,
558 1914 599 1962 10.

29 2099 30 2102 Ἴ
102 2015 253 2082 Rectius
290 2017 399 2082 uiues
441 2016 574 2081 Licini.
648 2015 710 2079 hac
752 2006 823 2100 ᾠδῇ
860 2012 1018 2077 Licinium

29 2119 31 2188 ζ
47 2102 185 2190 llulgr'um]
201 2107 395 2190 adloquitur,
409 2105 585 2170 admonens
595 2103 811 2188 periculosum
821 2124 890 2166 esse
901 2123 1019 2187 magna
1033 2121 1060 2160 20

29 2189 162 2277 llemptare
190 2195 413 2280 optimumque
440 2216 510 2260 esse
538 2193 661 2258 mediae
689 2193 776 2256 uitae
800 2195 930 2256 statum.
1000 2194 1017 2254 1

29 2287 129 2408 pieque
160 2286 280 2348 altum
313 2305 461 2368 semper
492 2281 700 2368 urguendo.
755 2281 922 2368 allegoria,
955 2301 1019 2364 qua

47 2371 182 2454 significat:
206 2395 311 2457 neque
334 2393 453 2457 magma
476 2371 573 2436 mimis
597 2370 785 2455 adpetenda,
809 2392 869 2433 nec
891 2390 1020 2432 rursum

48 2457 94 2523 lum
115 2463 253 2546 pericula
279 2462 395 2526 timeas
422 2461 507 2526 inter
535 2461 701 2545 angustias
727 2459 859 2523 humilis
887 2479 924 2522 ac
953 2478 1019 2521 sor-

47 2546 106 2612 didae
126 2552 208 2616 uitae
232 2550 435 2616 continearis.
509 2551 531 2614 4
553 2550 648 2614 litus
671 2548 851 2632 iniquum.
896 2546 1019 2629 pericu·
1034 2565 1060 2604 25

48 2635 118 2702 lusum
152 2643 284 2724 propter
302 2671 306 2680 .
323 2639 542 2704 humilitatem
582 2638 739 2702 uadorum
783 2637 850 2700 siue
887 2636 1020 2718 propter

29 2745 106 2830 pouq
134 2729 186 2793 sed
219 2733 253 2792 et
283 2729 359 2812 hoo,
390 2731 428 2792 ut
457 2727 536 2808 dixi,
569 2726 759 2812 allegoricos
790 2721 1020 2806 accipiendum.

29 2831 31 2908 p
107 2818 247 2882 lcaret
269 2816 477 2882 inuidemda
501 2816 652 2882 sobrius
676 2815 772 2878 aula.
817 2812 1019 2877 inhocso-

29 2899 119 2988 jlrius
142 2907 173 2971 id
201 2910 251 2971 est
279 2907 421 2990 sapiens,
454 2905 540 2990 quod
569 2907 676 2968 careat
702 2899 913 2973 inuidenda
933 2900 1021 2966 aula

29 2989 66 3082 pil
82 2998 119 3058 est
143 2995 303 3062 inuidiosa
328 2995 490 3060 honorum
518 2993 725 3058 sublimitate.
816 2991 836 3054 9
866 2990 1020 3073 saepius
1034 3010 1061 3050 eo

29 3085 139 3150 luentia
161 3107 188 3154 a.
210 3086 230 3148 i.
253 3107 284 3168 p.
330 3105 387 3168 per
408 3083 489 3148 haec
513 3087 545 3168 et
568 3077 650 3166 quae
675 3081 819 3146 subiecta
838 3083 922 3162 sunt,
945 3079 1020 3143 elle-

29 3151 137 3250 lguieos
167 3169 342 3259 significat,
376 3173 492 3237 altiora
529 3193 674 3255 quaeque
710 3169 880 3234 homimum
915 3166 1021 3251 magis

50 3328 219 3343 Q—..a

95 3421 251 3475 lflemlrbue
271 3419 370 3488 modys
391 3419 429 3472 M
500 3419 642 3473 torrente
662 3415 700 3469 M
771 3415 907 3469 rseoulm
927 3413 966 3466 M

51 3485 185 3546 lmlrlooum
204 3492 242 3546 M
331 3489 556 3562 tquerellarum
575 3489 616 3542 bie
636 3488 674 3541 M
757 3501 840 3557 grece
861 3485 899 3538 M
960 3488 1021 3564 ‘ll

29 3558 121 3616 *mlaten
134 3564 167 3617 M
219 3569 253 3618 14
268 3561 397 3617 eufratem
412 3561 450 3616 M
503 3565 537 3615 20
556 3558 691 3629 Ualgium
708 3555 900 3625 comprincipia
915 3567 1022 3622 perores

29 3613 32 3718 l
53 3630 91 3686 clue
103 3635 200 3690 illuteuu
218 3632 309 3690 deleat
381 3639 414 3687 29
433 3631 530 3687 inuida
549 3629 615 3684 aula
634 3629 673 3682 M
