2426 3934
315 241 494 296 uersuum
513 242 546 310 11,
555 249 592 314 ’,1,
613 247 760 298 rso-ras.
976 242 1040 306 339

47 411 195 494 gestatu
218 407 405 471 minutatim
428 409 461 470 et
482 427 542 488 pro
567 406 701 470 arbitrio
726 409 792 470 tus.
863 405 925 470 166
950 406 1041 490 quid

47 496 150 560 refert
180 519 210 560 u.
238 517 284 560 n:
319 493 495 580 [quidest]
520 495 596 579 quid
619 496 768 578 interest,
790 495 909 578 inquit,
931 498 1040 560 utrum

46 586 128 668 paulo
150 587 225 648 ante
250 607 292 649 an
316 584 392 648 olim
415 584 637 672 numeraueris
666 584 820 667 pretium,
848 584 924 648 dum
947 584 1040 648 uiues

46 674 142 739 eodem
163 674 271 759 modo,
294 695 357 757 quo
380 673 434 737 ille
458 673 513 757 qui
537 673 614 738 olim
638 673 836 756 conparauit.
869 673 896 737 si
920 674 1040 757 emptio

45 763 109 827 lacit
129 762 305 848 domiuum,
328 762 442 846 emisti,
466 762 492 825 si
516 785 593 827 usus
607 766 644 826 tu
659 763 735 846 eris3
759 762 785 826 si
799 765 935 846 tempus,
958 762 1067 826 nihils

44 855 71 915 in
93 853 158 916 iure
187 852 300 936 distat,
328 851 405 916 olim
433 873 475 916 an
503 873 607 936 nuper
640 873 780 936 cosmas,
807 850 883 915 dum
914 852 1040 915 emendi

44 944 172 1024 potestas
192 941 242 1006 sit.
304 940 365 1005 168
390 943 557 1024 emptum
582 945 720 1005 eaeuat
742 940 774 1004 h.
809 940 886 1004 licet
901 962 934 1004 se
948 943 1041 1025 putet

43 1030 180 1114 inemptis
203 1029 368 1095 holeribus
392 1032 426 1094 et
446 1030 545 1115 liguis
568 1051 736 1114 possessor
758 1029 815 1113 uti,
839 1029 955 1114 emptis
978 1028 1039 1094 uti-

44 1122 85 1181 tur
110 1123 141 1183 et
167 1118 287 1184 falsum
315 1121 410 1203 putat
438 1141 531 1185 suum
559 1140 679 1183 uocaus
706 1140 807 1202 usque
836 1118 876 1182 ad
904 1119 1040 1183 limitem

43 1211 163 1293 certum,
197 1209 289 1292 quasi
319 1207 491 1293 quicquam
524 1229 650 1292 semper
681 1210 829 1272 nostrum
863 1208 918 1290 sit,
954 1208 1040 1292 quod
1055 1226 1080 1266 10
1195 1285 1196 1288 Ἴ

43 1299 137 1361 multis
170 1297 310 1360 dominis
345 1318 563 1381 possessorem
596 1297 780 1361 commutat.
873 1297 936 1360 170
969 1320 1040 1381 qua

42 1387 193 1468 populus
217 1385 352 1451 adsita.
389 1385 551 1470 usquead
571 1407 642 1450 eam
659 1389 794 1470 partem,
818 1407 882 1470 qua
900 1387 1039 1469 populus

43 1475 122 1538 arbor
145 1475 252 1540 adsita
274 1475 307 1539 id
331 1478 380 1539 est
401 1475 516 1539 innata
539 1475 688 1540 limitaris
711 1475 895 1542 certaminis
917 1473 1040 1539 iudicat

42 1562 107 1627 fines
129 1567 237 1628 certos
260 1567 293 1628 et
315 1563 496 1629 uicinorum
519 1564 626 1649 iurgia
646 1565 750 1630 uitare
764 1563 850 1628 facit.
887 1564 932 1628 sic
946 1561 1038 1628 Uer·

42 1653 160 1734 gilius:
190 1651 321 1738 Usque
349 1653 394 1717 sd
422 1674 557 1737 aquam
585 1656 623 1717 et
649 1653 793 1718 ueteris
817 1653 890 1717 iam
913 1651 1078 1717 fractas>

42 1742 227 1806 cacumina
253 1742 343 1827 fagi.
394 1745 426 1806 et
454 1745 504 1806 est
531 1741 609 1807 ordo
639 1745 671 1806 et
703 1765 831 1807 seusus:
864 1764 965 1826 usque
998 1742 1038 1806 ad

41 1850 98 1894 eum
120 1833 240 1914 locum,
263 1853 327 1916 quo
351 1832 490 1915 populus
514 1831 620 1896 adsita
644 1831 739 1896 certis
762 1831 919 1896 limitibus
932 1832 1039 1917 iurgia

40 1919 131 1984 uicina
158 1919 290 2004 refugit.
382 1921 445 1985 172
473 1924 617 2004 puncto
645 1920 745 2005 quod
772 1941 813 1984 m.
842 1921 872 1985 h.
917 1920 1037 1985 idest:

38 2010 176 2087 perfacile
202 2013 234 2073 et
257 2009 330 2074 cito.
402 2009 464 2074 173
488 2031 589 2073 nuuc
611 2031 722 2092 prece
751 2030 850 2074 nuuc
872 2031 904 2092 p.
950 2010 1038 2074 colli-

39 2097 83 2180 git,
100 2101 182 2182 quot
200 2098 304 2163 modis
319 2098 461 2163 dominis
474 2101 709 2182 permutantur.
766 2099 829 2162 174
852 2099 891 2162 in
914 2099 1037 2164 altera
1052 2120 1078 2159 ro

37 2185 120 2251 iura:
153 2187 190 2252 in
223 2187 354 2252 alterius
387 2191 591 2272 potestatem.
685 2187 748 2252 175
777 2187 808 2252 si
836 2188 925 2272 quia
954 2211 1038 2272 per·

36 2279 162 2355 petuus
192 2279 225 2340 et
252 2278 367 2341 cetera.
412 2275 540 2341 uidetur
568 2277 746 2342 sententiae
777 2278 958 2344 teucriam
982 2279 1044 2344 du-'

36 2361 98 2428 dum
121 2364 176 2430 hic
201 2387 269 2430 esse
293 2369 326 2428 et
348 2365 410 2430 hoc
433 2365 621 2450 significari:
651 2367 679 2430 si
701 2366 864 2450 emptione
888 2367 940 2431 uel
963 2390 1036 2432 usu-

36 2455 158 2536 capione
183 2455 224 2518 ad
238 2454 416 2540 legitimam
430 2456 668 2537 possessionem
681 2456 853 2539 malumus,
875 2457 1036 2520 neminem

35 2561 91 2606 esse
113 2547 184 2608 tam
208 2565 395 2628 pauperem,
424 2544 481 2627 qui
502 2566 570 2610 nou
593 2545 656 2609 hoe
678 2545 746 2609 iure
771 2566 898 2609 omnem
921 2565 1035 2630 agrum
1050 2564 1076 2606 11

34 2651 116 2696 suum
145 2654 217 2697 esse
244 2632 350 2717 possit
376 2633 513 2698 credere.
574 2634 601 2698 si
628 2656 706 2699 uero
738 2634 846 2700 nullus
877 2635 1035 2718 perpetuo

32 2723 124 2800 possit
153 2721 203 2786 uti
229 2721 326 2787 rebus
354 2722 522 2806 quaesitis,
549 2722 605 2786 sed
631 2723 818 2807 temporalis
847 2722 1035 2787 uicissitudo

34 2814 170 2875 seruetur
192 2811 278 2875 inter
296 2809 454 2895 homines,
476 2811 558 2875 nihil
576 2811 728 2895 prodesse
746 2811 826 2874 uicis
841 2813 899 2875 aut
910 2808 1034 2876 horreis

33 2903 79 2961 aut
100 2899 240 2964 saltibus
263 2900 410 2984 plurimis
434 2900 600 2966 domiuum
623 2899 692 2964 fieri
715 2899 892 2979 hominem,
917 2901 944 2965 si
967 2901 1034 2985 qui-

94 3057 213 3112 15Buc.
234 3063 295 3123 9,9

90 3187 106 3236 3
129 3183 321 3236 numeraueris
343 3197 407 3236 uos:
425 3184 614 3236 numerauerrt
634 3183 672 3236 M
742 3188 850 3248 tusus,
869 3183 966 3249 tuq·

29 3248 114 3307 falsisn
136 3253 176 3306 M
247 3260 278 3307 11
299 3251 447 3307 dominiis?
512 3259 545 3307 12
564 3254 640 3308 adsrt
658 3255 696 3308 M
762 3260 795 3307 13
815 3225 870 3322 adp
872 3252 985 3307 oradsrt.
1002 3188 1034 3306 rd

28 3321 61 3375 M
164 3323 380 3379 111111111111111.ι
406 3323 539 3379 lemrtahs
563 3325 601 3378 M
702 3332 735 3378 14
761 3325 842 3380 facit:
851 3272 889 3378 Ρ,1
914 3325 952 3378 M

27 3397 116 3466 nergal.
139 3396 178 3450 M
252 3395 590 3452 raamias-erm
628 3402 667 3451 17
687 3397 800 3466 quaM
878 3395 1032 3450 adstet

27 3466 253 3522 ursunctoM
323 3473 411 3522 18m
429 3486 456 3520 n.
475 3467 512 3521 rd
536 3467 721 3538 perfacrhM
797 3473 829 3522 21
849 3467 963 3536 qusM

26 3541 53 3590 13
66 3537 164 3621 srgprf
179 3539 310 3608 (alias=
326 3538 477 3608 siguificat)
494 3539 556 3622 M
593 3541 698 3609 emptio
714 3539 758 3608 M
773 3538 915 3608 emptione
933 3539 1033 3608 scripsi

25 3610 208 3665 duenismus
226 3609 326 3666 addidi
340 3611 403 3680 (aur
420 3609 553 3680 usucapio
566 3610 682 3680 ineatt),
701 3610 854 3679 usucapio.
871 3609 1048 3664 neminem¹

26 3679 152 3802 {adducere
170 3682 259 3808 polssrt
277 3701 328 3808 ςΜ
363 3687 397 3737 26
416 3682 466 3737 hae
468 3697 482 3737 c
499 3697 563 3737 aos:
580 3683 732 3751 perpetuus
751 3683 842 3752 possit
858 3681 931 3736 unde
950 3682 1031 3736 rebus

128 3758 165 3807 29
182 3770 269 3832 puris

761 3842 817 3890 211*
