2378 3934
401 131 551 187 necnon
572 139 613 188 ra.
952 133 1015 198 169

26 296 80 358 linis
101 295 282 378 inponatur.
330 295 455 360 altera
483 299 593 360 aetas
617 316 694 380 ergo
718 296 764 360 ait
786 296 924 360 alterum
947 319 1014 363 sae-

27 384 117 447 culum.
161 383 245 448 suis
269 386 307 447 et
329 383 416 468 ipsa
439 384 560 450 Roma
582 384 734 449 uiribus
756 385 845 449 ruit.
880 386 1016 470 honest,

26 473 90 555 quod
111 471 223 537 'l'itus
247 472 387 538 Liuius
415 474 461 537 ait
488 471 540 538 Ut
566 472 839 559 magnitudine
861 474 1016 540 laboret

26 584 84 624 sua.
133 561 156 625 4
173 563 343 627 minacis
364 566 429 626 aut
446 561 614 628 Etrusca
632 561 854 628 Porsennae
873 586 1016 629 manus.

26 651 167 716 Porsenna
196 673 255 715 rex
281 649 505 716 Etruscorum.
577 653 598 716 5
621 652 772 717 aemula
794 674 863 717 nec
886 654 1043 718 uirtuss

26 738 165 823 Capuae.
226 742 394 824 aemula,
420 741 538 826 inquit,
567 741 644 824 quia
670 741 841 825 imperium
870 746 1016 827 ereptum

24 829 51 891 iri
66 829 216 896 Romanis
235 831 388 914 sperauit.
447 829 468 894 6
486 831 677 914 nouisque
696 830 813 895 rebus
835 831 1016 896 infidelis

24 917 204 982 lllobrox.
262 917 326 983 hoc
349 919 541 1003 adtempus
563 919 644 983 illud
666 919 820 1002 refertur,
843 943 906 1004 quo
931 919 1016 986 (lati

24 1007 89 1070 luae
113 1007 217 1072 tactio
255 1009 437 1073 coniurauit
474 1011 508 1072 et
536 1029 638 1093 paene
669 1009 771 1094 legati
802 1007 1017 1095 Allobrogum

24 1096 69 1158 llis
90 1101 332 1161 consenserunt.
406 1099 425 1162 7
448 1116 520 1161 nec
547 1097 630 1162 fera
657 1098 838 1164 caerulea
861 1099 1016 1163 domuit.
1031 1114 1057 1156 ιο

24 1186 165 1250 cuenrleos
202 1184 381 1260 Germanos
417 1186 458 1250 ad
495 1187 635 1251 colorem
672 1186 837 1251 oculorum
873 1188 1016 1252 referens

25 1273 91 1337 dixit.
183 1274 206 1338 9
243 1275 362 1359 impia
397 1274 603 1360 perdemus
641 1275 775 1340 deuoti
808 1277 1012 1360 sanguinis

25 1366 117 1427 aetas.
186 1362 240 1428 hic
277 1365 417 1428 cluditur
453 1366 609 1448 περίοδος
643 1364 719 1428 inde
756 1368 870 1448 coepta
906 1387 1017 1448 quam

25 1471 121 1536 neque
154 1453 324 1517 finitimi
360 1454 569 1519 ualucruut
604 1453 762 1537 perdere
799 1452 926 1518 Marsi.
985 1455 1018 1517 et

26 1540 133 1606 deuoti
172 1543 377 1628 sanguinis
409 1564 468 1627 pro
506 1541 697 1607 ‘abominati
733 1546 830 1628 atque
867 1540 1017 1607 execrati'
1032 1555 1058 1598 1⁶

27 1629 123 1694 dictum
158 1633 220 1696 est.
312 1632 354 1695 10
385 1631 559 1716 ferisque
594 1653 728 1697 rursus
766 1631 1019 1716 occupabitur

26 1719 131 1784 solum.
200 1720 391 1805 ingemescit
430 1725 499 1784 tam
535 1720 698 1785 desertum
733 1720 878 1786 futurum
915 1722 1020 1785 solum

25 1808 91 1873 urbis
112 1808 251 1892 Romae,
278 1831 377 1893 quam
399 1810 497 1874 fuerit
520 1813 692 1894 antequam
722 1810 794 1895 ipsa
816 1808 921 1874 Roma
944 1831 1018 1873 con-

25 1895 140 1962 deretur.
196 1899 235 1962 11
251 1898 440 1964 barbarus
458 1898 530 1963 heu
550 1900 698 1963 cineres
714 1898 875 1964 insistet
893 1898 1019 1961 uictor

25 1991 50 2047 et
75 1986 215 2051 urbem.
273 2009 343 2052 non
367 1989 454 2052 bella
480 1988 619 2052 barbara
646 1988 865 2065 execrabatur,
897 1985 952 2050 sed
976 1985 1017 2049 ei·
1032 2000 1058 2040 20

25 2075 90 2140 uilia.
126 2076 292 2160 quomodo
311 2097 388 2162 ergo
404 2075 503 2142 dicit?
526 2078 561 2142 ni
574 2078 657 2142 forte
681 2077 728 2140 ait
749 2076 893 2140 futurum
917 2078 955 2140 ut
971 2097 1020 2139 re-

24 2163 122 2246 liquias
150 2166 282 2229 attritas
314 2166 408 2231 bellis
440 2165 589 2231 ciuilibus
621 2165 710 2230 urbis
737 2165 860 2229 Romae
890 2163 1020 2229 barbari

23 2251 174 2318 inuadant.
237 2255 278 2318 13
301 2276 477 2339 quaeque
501 2259 635 2320 carent
657 2255 787 2320 uentis
811 2257 849 2318 et
871 2254 1020 2319 solibus

25 2363 92 2406 ossa
118 2342 285 2419 Quirini.
343 2344 406 2409 hoe
433 2345 479 2408 sic
506 2343 636 2427 dieitur,
663 2344 756 2427 quasi
783 2342 940 2408 Romulus
973 2364 1021 2406 se·

25 2432 115 2510 pultus
131 2434 184 2518 sit,
206 2455 276 2496 non
298 2433 339 2497 ad
362 2434 486 2497 caelum
508 2437 621 2517 raptus
645 2437 701 2497 aut
720 2433 908 2517 discerptus.
944 2453 1021 2496 nam
1035 2447 1061 2488 2⁵

26 2516 132 2587 Uarro
165 2524 244 2606 post
275 2525 380 2586 rostra
412 2522 511 2586 fuisse
542 2522 702 2606 sepultum
729 2521 904 2587 Romulum
936 2521 1021 2585 dicit.

99 2611 141 2676 15
179 2610 281 2676 forte
323 2611 411 2696 quid
453 2611 632 2695 expediat
668 2610 920 2675 communiter
956 2612 1022 2672 aut

27 2699 144 2764 melior
178 2722 268 2784 pars
295 2698 406 2764 malis
434 2722 563 2766 carere
593 2699 780 2784 quaeritis
812 2696 1021 2762 laboribus.

26 2787 345 2875 subdistinguendum.
416 2789 478 2854 hoc
521 2790 606 2854 enim
647 2788 882 2874 interrogation
918 2787 1023 2872 figura

82 2953 97 3000 3
116 2949 149 3004 Iu
166 2945 343 3018 praefatione

85 3079 185 3144 largo
205 3073 248 3126 ait
264 3087 327 3125 uos:
346 3087 412 3142 ergo
435 3072 465 3126 rd
485 3073 529 3138 M,
546 3072 577 3126 rd
596 3074 676 3140 estg
756 3070 875 3125 2hb1us
894 3070 933 3123 M
1006 3074 1023 3121 4

29 3145 75 3196 aut:
92 3145 129 3199 ab
146 3145 176 3198 M
251 3149 267 3196 6
286 3144 384 3212 erepto
402 3159 443 3198 rro
462 3144 511 3210 M,
528 3143 593 3210 fort.
616 3149 684 3197 recte
706 3143 874 3210 serpserunt
895 3141 1024 3210 ereptum

29 3212 106 3282 ireos.
124 3217 210 3284 Neue,
231 3214 422 3268 Formenlehre
439 3215 466 3269 d.
486 3215 534 3271 lot.
554 3214 674 3283 Sprocbe
693 3214 742 3279 ΙΙ,
756 3230 787 3282 p.
807 3217 865 3267 289
920 3216 935 3265 9
955 3210 1024 3266 allo-

30 3281 132 3356 bragum
150 3331 157 3344 .
177 3329 184 3342 .
204 3287 382 3340 consenserat
401 3285 446 3352 M,
471 3287 703 3352 consenseruntg
799 3290 832 3338 10
850 3299 885 3336 ne
902 3281 963 3336 fera
980 3298 1023 3336 ce·
1050 3334 1055 3341 ,

30 3356 91 3411 mlus
112 3358 141 3412 lo
158 3358 271 3412 domurt
289 3357 327 3410 M
408 3363 440 3411 16
458 3357 538 3411 solsol.
557 3374 585 3411 u.
604 3361 640 3410 10
654 3361 719 3424 post
736 3355 816 3410 schol.
836 3371 863 3407 u.
883 3359 919 3408 17
937 3359 975 3408 est
992 3355 1025 3408 in

33 3426 59 3477 ll
123 3436 156 3484 20
170 3430 298 3484 'barbara
315 3445 378 3482 aas:
396 3427 448 3482 bar
467 3428 512 3493 M,
530 3427 678 3482 barbarica
787 3431 821 3479 24
840 3444 864 3479 ει
883 3426 921 3478 Μ
991 3431 1025 3477 25

30 3505 124 3566 popter
140 3503 263 3569 ineptius
280 3501 414 3554 editorum
433 3499 588 3553 adscribam
609 3515 658 3550 nec
795 3497 882 3550 locum
899 3495 982 3548 Liuii
998 3500 1025 3560 1,

33 3574 66 3634 ¹6,
81 3575 108 3624 4.·
126 3572 213 3626 fuisse
232 3570 314 3624 credo
332 3574 391 3624 tum
412 3587 523 3638 quoque
542 3570 603 3637 aliq
715 3587 726 3620 r
748 3567 912 3633 discerptum
929 3579 1024 3631 regem

35 3644 127 3705 patrum
144 3643 276 3697 manibus
294 3640 375 3696 taciti
394 3642 551 3710 arguerent.
677 3637 731 3692 hoc
749 3651 812 3690 uos.-
829 3636 882 3688 hec
901 3634 939 3685 M

416 3447 773 3888 β
1036 3855 1062 3884 -.
