2416 3934
393 140 465 195 one
482 141 505 212 1,
525 147 541 196 s
560 143 590 195 ee
608 149 633 196 o.
979 141 1020 205 13

44 307 90 368 lm
107 304 230 368 misisse.
323 303 363 368 13
387 303 478 388 quid
504 303 604 368 latet
632 307 673 366 ut
699 304 870 370 marinae
893 303 1021 370 filium

44 394 143 457 dieunt
161 392 346 458 Thetidis.
392 388 569 474 σύλληψις,
602 393 679 477 quia
708 413 748 456 ex
775 414 826 477 eo,
857 391 944 478 quod
971 397 1021 458 eet

44 484 123 563 latet,
141 482 274 546 latiisse
297 480 517 565 decipiendum
541 484 598 546 est
647 482 688 548 16
712 485 749 546 et
771 480 908 565 Lyoies
931 505 1019 566 pro·

44 571 153 652 riperet
177 573 366 634 cateruas.
411 569 583 634 manifeste
611 569 664 636 hie
692 569 830 654 Lyeies
858 593 917 654 pro
941 571 1019 636 Tro-

44 659 228 742 iauisposuit.
1033 680 1046 720 s

432 797 504 852 oon
525 805 549 866 1,
569 805 593 852 o.

105 906 213 972 Uidee
243 909 284 972 ut
310 908 390 972 elta
413 911 491 972 stet
518 909 607 972 niue
636 907 839 973 candidum
862 907 893 974 S.
934 907 1018 972 The·

44 996 162 1062 iiarehum
184 996 226 1062 ed
248 997 416 1062 laetiorem
438 995 541 1060 uitam
562 996 721 1082 hortatur,
744 1000 781 1061 ut
797 997 922 1062 lusibus
942 996 1018 1060 edu·

44 1086 183 1170 terentiae,
207 1085 361 1172 quamdiu
384 1087 472 1150 aetas
490 1085 659 1170 permittit,
682 1089 799 1150 utetur.
840 1086 1020 1150 notandum

43 1179 119 1238 autem
138 1173 222 1260 quod
243 1178 359 1240 neutro
382 1195 499 1259 genere
523 1171 654 1240 Soracte
678 1175 800 1259 dixerit,
824 1196 897 1239 oum
920 1175 1018 1260 uulgo
1033 1201 1059 1240 ιο

44 1260 114 1326 Soter
133 1261 262 1328 dicetur.
304 1266 353 1328 est
376 1265 483 1328 autem
505 1262 558 1328 hio
580 1285 676 1330 mons
700 1263 735 1326 in
757 1262 900 1328 Faliscis.
942 1267 1019 1328 stet

43 1357 118 1415 eutem
147 1351 293 1436 ‘plenum
325 1352 382 1416 sit’
422 1352 598 1437 signifieat,
637 1357 674 1416 ut
704 1349 867 1416 Ennius:
906 1349 1020 1415 Stant

44 1441 163 1520 puluere
185 1441 322 1525 campi,
346 1445 379 1504 et
400 1439 616 1526 Uergilius:
653 1440 732 1504 Iam
755 1441 914 1524 puluere
938 1462 1019 1504 eae·
1135 1523 1141 1530 Ι

43 1529 93 1592 iun
111 1533 207 1594 stare
230 1529 367 1594 uident
389 1533 422 1594 et
443 1530 479 1594 in
501 1528 677 1596 Bucolicis:
715 1527 829 1594 Stant
856 1533 893 1592 et
919 1529 1020 1592 iuni·

43 1618 97 1697 peri
123 1621 158 1682 et
187 1621 390 1684 castaneae
422 1618 606 1684 hirsutae.
683 1620 705 1684 4
735 1618 899 1682 flumina
931 1639 1059 1682 oon-1⁶

44 1706 186 1772 :titerint
208 1711 330 1772 acuto.
375 1711 483 1772 utrum
507 1708 548 1772 ed
572 1729 703 1774 sensum
726 1707 856 1794 frigoris
878 1707 1021 1791 pertinet

43 1795 100 1876 quod
124 1796 208 1860 uelut
233 1801 373 1882 pungat,
401 1819 443 1862 en
472 1795 557 1882 quod
580 1800 766 1862 concretum
788 1797 877 1860 uelut
899 1796 1020 1860 nitrum

45 1887 140 1949 aeuum
161 1885 223 1950 sit?
292 1886 450 1971 5super
472 1885 567 1953 foeo.
610 1889 722 1971 ‘super
744 1885 867 1950 foeum’
893 1884 1020 1948 uidetur

43 1971 116 2037 dcere
136 1973 290 2059 debuisse,
312 1976 369 2040 sed
392 1975 543 2060 frequens
566 1979 616 2040 est
638 1976 672 2039 in
690 1973 751 2040 heo
771 1973 876 2058 figure
893 1972 1019 2037 Hora-

44 2061 105 2141 tius,
133 2067 167 2127 ut
186 2061 411 2129 Destrietus
442 2063 545 2128 ensis
579 2063 640 2128 oui
667 2083 780 2148 super
807 2061 915 2146 inpia
937 2083 1059 2126 uer-ao

44 2151 100 2214 uice
119 2152 262 2236 pendet.
323 2153 343 2218 6
367 2157 481 2239 atque
505 2153 714 2237 benignius
737 2151 914 2234 deprome
938 2173 1020 2236 qua.

44 2239 62 2299 S.
78 2239 107 2303 Τ,
127 2263 163 2306 m.
184 2241 212 2306 d.
249 2241 371 2306 dietam
394 2242 585 2326 amphoram
608 2241 694 2324 dicit,
721 2239 806 2325 quod
830 2262 928 2305 ansae
951 2241 1020 2305 eius

46 2328 108 2393 relut
131 2351 216 2396 aures
245 2331 324 2415 sint3
353 2351 431 2416 ergo
460 2329 583 2396 Graeca
610 2330 825 2415 appellatione
852 2330 915 2394 hoo
944 2329 1019 2393 dioi-

44 2432 85 2478 tur.
156 2420 194 2484 14
215 2441 324 2504 quem
345 2420 426 2484 fors
451 2420 479 2485 d.
503 2441 528 2486 e.
552 2419 581 2484 d.
604 2421 626 2484 l.
648 2442 675 2483 e.
712 2418 791 2483 ordo
814 2422 877 2482 est:
910 2439 1019 2503 quem-

47 2527 148 2592 eumque
164 2508 283 2573 dierum
302 2508 369 2574 fors
393 2508 484 2573 dabit
505 2510 595 2573 lucro
619 2508 752 2592 adpone.
788 2529 846 2590 per
869 2528 951 2592 quae
974 2505 1018 2570 di·
1034 2529 1059 2570 as

46 2595 83 2676 dt,
110 2618 355 2682 unumquemque
383 2597 469 2664 diem
496 2598 581 2662 uitae
609 2601 740 2662 nostrae
772 2618 832 2660 nos
865 2595 903 2659 de
931 2596 1019 2660 luero

48 2688 194 2768 eomputere
218 2686 332 2751 debere
360 2709 411 2771 eo,
440 2685 525 2770 quod
547 2707 634 2750 mors
659 2685 790 2750 cottidie
812 2684 918 2768 possit
940 2683 1019 2748 ecci·

48 2769 105 2836 iere.
167 2774 205 2840 15
231 2798 302 2841 neo
330 2775 455 2841 duleis
484 2797 630 2839 emeres
655 2795 790 2858 sperne
813 2794 918 2858 puer,
945 2794 1019 2856 pro:

26 2951 27 2954 ’
64 3041 72 3086 J
87 2969 254 3096 021²}anss
276 2975 327 3025 127
402 2976 434 3024 13
454 2969 523 3024 Aen.
545 2975 586 3036 12,
605 2974 657 3022 ror
733 2973 765 3020 14
784 2966 851 3020 Bne.
872 2973 895 3033 7,
915 2970 957 3020 se¹

26 3041 64 3118 μ’
115 3079 119 3090 ’
150 3082 156 3107 ²
189 3084 196 3109 ²

52 3163 219 3178 Sun—

26 3267 27 3278 ,
102 3216 663 3274 immneordtheth1drscrreaemuc
683 3216 720 3268 M
800 3215 914 3270 eleros
933 3232 1020 3284 pron·

26 3287 105 3348 mue
118 3291 231 3346 caterua·
251 3291 290 3344 M
352 3288 470 3344 7Tha11
489 3305 584 3342 eroum
602 3291 678 3352 (aete
696 3303 714 3341 a
731 3291 800 3354 roe.)
819 3287 857 3339 M
923 3293 1019 3354 eper-

54 3359 158 3418 nem.
180 3361 335 3418 notandum
354 3359 398 3426 M,
417 3377 482 3415 oum
499 3359 608 3413 lusibus
626 3365 651 3412 et
668 3357 810 3428 permittit
829 3357 887 3411 eleo.
907 3361 961 3410 375

27 3431 162 3496 pilitum
178 3450 231 3488 ras.
253 3433 291 3486 M
354 3438 387 3487 14
404 3431 485 3486 uides
505 3431 543 3483 M
603 3447 735 3499 runupen
754 3429 791 3481 M
854 3434 887 3480 15
905 3427 1019 3478 flumme

27 3523 29 3554 ι
59 3503 202 3559 :insumeret
220 3505 258 3560 M
313 3509 344 3557 17
365 3504 525 3557 concretum
543 3517 606 3555 eos:
623 3501 720 3554 frdzum
740 3499 777 3551 M
835 3504 867 3549 21
888 3497 1019 3562 deprome

64 3583 84 3620 u
98 3574 125 3625 Μ
186 3593 262 3644 qua:
282 3591 337 3643 que
356 3575 394 3627 M
464 3579 498 3626 22
519 3572 655 3626 emioram
675 3571 712 3623 M
782 3572 816 3619 25
835 3567 905 3618 luen
926 3565 963 3615 M

60 3656 83 3700 ,e
97 3661 153 3713 quae
171 3646 278 3717 Pauly:
297 3662 349 3714 per
367 3659 451 3713 quam
472 3645 510 3697 M
580 3642 854 3702 sedu1c1sa.s.p.
876 3634 914 3686 M
1021 3705 1024 3712 Ι
