2378 3934
158 103 225 168 270
398 164 403 176 ,
451 97 632 156 EPISTULA
648 99 670 167 1,
691 105 715 167 1,
735 102 833 167 arra,
854 102 877 150 1.

159 270 236 334 u6n
263 266 347 332 erit.
397 286 496 348 quam
517 263 649 328 neniam
671 261 839 328 meliorem
863 259 920 340 ait,
943 257 1023 342 quia
1042 278 1108 322 nou
1128 257 1176 320 di-

159 356 250 422 uitiis
272 355 327 420 sed
350 352 524 422 muribus
546 351 652 416 honor
674 349 842 415 habeatur.
888 347 973 416 haec
995 347 1049 411 lex
1062 344 1177 410 Roscia

161 443 324 529 equitibus
355 441 432 506 data
463 444 527 524 est,
552 442 590 504 ut
615 439 651 504 iu
677 437 793 520 primis
818 434 919 502 XIIII
947 433 1104 520 gradibus
1128 457 1177 498 se-

162 551 275 615 darent
301 570 413 613 eoram
444 548 481 632 ii,
508 547 563 632 qui
588 543 642 612 SS
669 541 777 610 0000
806 543 977 607 haberent.
1068 543 1111 608 64
1138 547 1181 606 et

135 639 333 704 ⁵maribus
357 635 494 702 Curiis.
530 655 637 699 mares
658 655 747 698 nune
768 654 831 720 pro
851 633 1044 698 fortissimis
1062 634 1179 716 posuit.

252 727 295 792 74
329 725 537 809 respondit
571 723 736 788 referam
778 723 870 808 quia
911 744 968 787 me
1009 722 1181 806 uastIgia

162 817 320 881 terrent.
388 813 429 878 ad
469 813 633 897 paradoxa
669 809 853 877 Stoicorum
889 811 1082 876 descensum
1116 811 1181 876 sibi

161 904 242 969 facit
269 906 301 966 et
328 901 483 986 ostendit,
511 922 592 986 quae
621 901 683 965 sibi
710 901 850 985 populus
879 901 1048 965 mutuaris
1071 898 1180 964 faciat.

162 991 370 1056 Luciliana
392 993 470 1055 sunt
490 990 579 1054 haee.
624 989 745 1054 fabella
768 1009 846 1074 ergo
870 987 1044 1074 Aesopia
1073 990 1183 1074 arguit

124 1097 150 1136 10
163 1081 250 1145 iuter
277 1101 311 1144 se
337 1079 588 1165 repugnantiam
613 1078 784 1143 hominum
812 1077 924 1142 dicens
947 1078 1078 1142 beluam
1099 1079 1183 1140 mul-

163 1173 273 1235 torum
305 1168 447 1252 capitum
479 1187 558 1232 esse.
648 1167 691 1232 82
718 1166 984 1232 idemeadem
1014 1171 1185 1250 possunt

163 1259 298 1323 horam
325 1257 472 1321 durare.
523 1260 659 1342 utreque
682 1256 763 1322 haec
786 1279 806 1321 a
830 1255 947 1322 Stoicis
970 1256 1127 1321 diountm
1146 1255 1182 1317 in

163 1347 325 1411 insaniem
339 1346 439 1430 uulgi,
457 1345 596 1430 primum
610 1345 697 1428 quod
710 1347 796 1410 inter
810 1367 845 1410 se
858 1345 1047 1429 dissideant,
1066 1343 1182 1408 deiude

166 1435 252 1520 quod
280 1457 300 1499 a
327 1437 430 1499 semet
455 1434 534 1518 ipsis
561 1436 689 1498 mutent
717 1433 854 1500 subinde
880 1434 1060 1518 proposita.
1139 1433 1181 1496 94

126 1556 151 1597 1⁵
166 1525 199 1588 si
222 1526 381 1588 curatus
403 1522 601 1606 inaequali
624 1526 785 1587 tonsore
814 1522 989 1606 oapillos.
1035 1521 1103 1592 hoc
1125 1521 1182 1584 ait:

165 1612 251 1677 rides
278 1633 351 1676 oum
378 1612 413 1674 in
439 1633 493 1675 me
518 1611 609 1676 uides
637 1612 766 1696 cuipam
794 1614 855 1675 aut
878 1611 1023 1676 tonsoris
1047 1614 1108 1674 eut
1130 1632 1182 1672 ue·

166 1700 283 1782 stiarii,
311 1721 384 1764 eum
412 1719 474 1784 ego
500 1699 580 1764 mihi
609 1701 677 1784 ipse
701 1700 865 1764 contraria
886 1699 972 1764 facio
995 1720 1065 1764 uon
1088 1697 1183 1762 rides.

257 1789 319 1853 rol
358 1789 532 1853 insanire
568 1792 681 1872 putas
718 1787 925 1854 sollemnia
964 1808 1019 1853 me
1057 1809 1181 1871 neque

165 1877 278 1942 rides.
337 1878 499 1943 insaniam
526 1878 629 1961 illam,
656 1899 755 1962 quam
782 1877 940 1958 sustineo,
972 1876 1076 1941 crectis
1103 1875 1182 1939 mihi

127 2001 154 2042 20
168 1967 359 2032 sollemnem
380 1967 470 2032 factu
488 1969 521 2031 et
537 1966 751 2032 necessariam
770 1983 842 2030 esse
859 1969 894 2029 et
910 1965 983 2031 ideo
1001 1987 1071 2030 non
1088 1965 1182 2029 rides.

258 2056 323 2120 103
354 2077 479 2120 rerum
515 2056 640 2120 tutela
676 2075 852 2119 mearum.
905 2052 1091 2119 Maecenati
1121 2053 1182 2118 hoc

168 2145 222 2208 ait.
280 2145 343 2209 108
361 2145 569 2229 praecipue
593 2165 715 2231 sanus·
731 2143 809 2208 uisi
832 2163 915 2208 curn
937 2143 1085 2227 pituita
1109 2164 1184 2207 mo·

167 2232 268 2296 lesta
295 2235 362 2296 est.
415 2233 451 2296 in
477 2233 655 2310 nouissimo
684 2233 892 2298 seueri‘catam
920 2230 1106 2298 Stoicorum
1133 2232 1182 2295 hic

167 2320 282 2410 eludit,
311 2320 403 2404 quasi
430 2322 542 2386 fiirtim
569 2321 610 2386 aul
636 2321 840 2406 Aristippum
870 2322 1029 2386 relabens.
1046 2341 1052 2344 ’
1067 2340 1183 2406 prae·

128 2410 279 2494 25·cipue
303 2431 422 2474 sanus
442 2411 520 2475 uisi
542 2433 624 2476 oum
646 2411 793 2495 pituita
818 2411 985 2476 molesta
1007 2413 1074 2474 est.
1124 2410 1182 2474 nisi

169 2521 242 2564 cum
264 2497 439 2578 κενοδοξία
461 2500 595 2584 inpedit.

542 2691 723 2750 EPISTULA
741 2700 766 2761 1,
783 2699 809 2748 2.
911 2733 914 2738 .

260 2801 419 2868 Troiani
438 2803 531 2868 belli
550 2803 776 2886 scriptorem
793 2802 954 2868 maxime
969 2802 1081 2870 Lolli.
1111 2802 1181 2869 acri·

170 2893 251 2957 bens
265 2889 370 2956 Lollio
394 2892 440 2956 ait
461 2893 545 2958 lecto
570 2914 589 2956 a
612 2912 646 2956 se
664 2894 813 2975 poemate
826 2890 961 2956 Homeri
975 2891 1181 2956 manifestum

131 3017 157 3058 30
173 2981 234 3046 sibi
261 2979 383 3051 factum
411 3002 494 3068 esse,
521 2981 636 3045 melius
664 2979 800 3064 exprimi
827 2981 867 3044 ab
898 3001 936 3045 eo
959 2980 1180 3066 philosophiae

243 3164 259 3212 9
278 3154 376 3210 Babrii
394 3155 451 3210 fab.
470 3162 504 3211 95

244 3324 399 3371 lmemem
419 3316 457 3368 M
527 3315 632 3369 abaco
650 3315 696 3368 lex
714 3319 760 3369 etc.
781 3332 799 3369 a
818 3315 1010 3385 Porphyrium
1028 3315 1123 3370 aum
1144 3315 1178 3366 ai-

171 3389 272 3442 deatur
342 3387 491 3441 elucrana
509 3387 548 3440 M
617 3383 740 3440 atabella
759 3385 803 3452 M,
828 3387 954 3440 adelerii
1024 3393 1057 3440 14
1075 3385 1179 3440 mutent

171 3473 234 3510 nos:
257 3457 370 3510 mutant
388 3457 427 3509 M
515 3461 548 3510 15
572 3457 725 3510 accuratus
746 3457 784 3510 M
873 3463 907 3512 19
931 3457 1021 3512 credis
1042 3455 1178 3512 flaauu:

172 3525 287 3578 eredens
311 3525 349 3576 M
437 3531 470 3580 20
493 3526 571 3580 factu
593 3541 657 3580 nos:
679 3526 754 3582 facio
778 3527 817 3582 M
836 3526 915 3582 teoto
933 3527 1062 3584 Haattat
1150 3533 1178 3580 16

172 3593 322 3656 κενοδοξία
341 3595 398 3648 cod.
419 3595 498 3650 Petri
515 3596 658 3652 Danielis:
679 3590 883 3658 utinonozu
902 3599 941 3653 M
