2378 3934
177 137 245 201 210
512 133 635 188 66660
655 133 677 202 1,
696 138 721 200 4,
741 137 856 188 sa-re,

177 321 247 383 uas,
261 299 377 382 inquit,
391 320 429 362 ca
442 297 543 363 uerba
555 295 602 360 ibi
614 294 771 379 inuenies,
785 295 903 378 quibus
917 295 1027 380 quiuis
1043 294 1083 358 de
1096 297 1166 380 uulg

178 389 321 453 irascens
343 387 410 452 filio
435 409 493 452 suc
516 386 627 450 utitur.
686 387 823 448 uenuste
852 387 960 448 autem
983 387 1168 469 personatur

178 481 305 562 patrem
328 476 410 541 dixit
430 497 540 542 senem
559 474 598 538 de
617 472 792 538 comoedia.
852 471 895 538 56
918 473 980 538 his
1005 493 1079 558 ego
1103 495 1165 556 qua

180 587 281 631 6666
310 566 402 630 61161
429 586 525 649 quae
558 562 719 646 scripsit
741 560 925 627 Lucilius.
984 582 1166 646 excoque

154 658 231 720 sest
264 652 426 739 scripsit,
463 651 592 718 ‘scribo'
629 650 864 716 adsumendum
900 673 958 734 per
996 651 1168 735 syllempsir

179 746 287 808 totum
310 743 397 808 enim
418 743 484 807 tale
506 741 558 806 fit:
581 741 633 805 his
657 760 717 825 ego
741 761 824 824 quae
846 761 935 805 nunc
951 740 1063 804 scribo
1078 742 1111 804 et
1123 739 1168 804 6111

182 854 263 916 quae
299 830 441 896 Lucilius
473 830 609 914 scripsit.
664 832 697 893 et
728 832 778 893 cst
810 850 938 894 sensus:
976 829 1007 894 si
1041 827 1168 894 dissolui

181 942 294 985 uersus
317 921 370 984 uel
392 941 481 985 meos
495 920 549 984 uel
569 917 694 1001 Lucilii,
716 939 785 984 non
799 917 912 982 cadem
925 918 1030 982 uerba
1044 917 1167 981 1666616

182 1031 264 1093 quae
288 1012 365 1074 sunt
386 1009 422 1073 in
443 1007 637 1073 Ennianis
659 1007 821 1092 uersibus,
851 1007 907 1091 qui
929 1027 1056 1092 magno
1080 1007 1168 1071 scilic

143 1118 168 1158 ro
182 1097 298 1182 spiritu
325 1099 359 1162 et
385 1098 493 1162 uerbis
521 1095 691 1162 altioribus
724 1096 886 1180 conpositi
918 1099 1011 1180 sunt,
1044 1096 1134 1160 uelut
1160 1095 1168 1158 l

183 1190 260 1251 sunt
290 1185 501 1270 Postquam
532 1185 727 1250 discordia
758 1188 861 1248 tetra
891 1183 995 1250 Belli
1029 1184 1168 1250 ferrato

181 1279 316 1359 postes
338 1279 547 1360 portasque
570 1274 743 1360 refregit.
812 1274 855 1339 62
877 1274 1061 1339 inuenies
1085 1274 1168 1337 61161

183 1364 372 1450 discerpti
398 1365 566 1429 membra
594 1366 742 1448 poetae.
791 1363 959 1449 eleganter
983 1363 1080 1427 nulla
1106 1362 1168 1448 sign

183 1454 329 1538 poeticae
360 1453 500 1518 inueniri
529 1453 575 1517 ait
602 1453 638 1516 in
664 1453 773 1518 uerbis
800 1473 953 1517 uersuum
985 1474 1121 1517 suorum
1144 1469 1168 1536 ur

144 1561 169 1602 ra
182 1540 311 1627 Lucilii,
343 1542 371 1606 si
402 1541 635 1625 dissoluantur,
667 1543 742 1626 quia
774 1540 814 1606 de
847 1562 997 1607 sermone
1037 1557 1168 1626 commin

184 1633 269 1694 sunt.
355 1629 398 1694 63
422 1631 519 1695 alias
541 1631 687 1695 iustum
710 1631 762 1696 sit
784 1652 904 1696 necne
926 1652 1073 1713 poema.
1124 1629 1168 1738 sup

184 1718 380 1784 audiendum
417 1717 650 1784 ‘tractabimus'
688 1723 744 1784 aut
780 1718 996 1804 ‘quaeremus'
1035 1721 1092 1784 aut
1122 1740 1139 1801 q

183 1807 258 1871 tale.
313 1804 357 1872 65
375 1803 527 1872 Sulcius
546 1829 632 1873 acer
650 1809 822 1873 ambulat
845 1811 882 1872 et
903 1806 1072 1892 Caprius
1093 1739 1168 1958 rai}

184 1897 290 1962 male.
336 1895 371 1960 hi
399 1896 563 1961 accerrimi
591 1897 750 1962 delatores
774 1901 807 1962 et
834 1897 987 1962 causidici
1012 1897 1156 1962 fuissetr

145 2005 171 2044 61
184 1985 314 2070 duntur,
337 1988 370 2049 et
391 1985 464 2051 ideo
487 1987 602 2070 rauci,
625 1987 710 2070 quod
731 1986 767 2050 in
784 1986 991 2051 contentione
1008 1986 1167 2050 iudicionm

185 2075 333 2138 clament.
393 2096 475 2139 cum
502 2074 653 2139 libellis
681 2078 803 2160 autem,
828 2077 865 2139 tu
888 2075 1008 2160 quibus
1033 2074 1167 2140 61166166

185 2184 267 2244 quae
289 2162 447 2227 deferunt.
538 2164 580 2228 69
604 2167 646 2228 ut
669 2164 723 2228 sis
747 2169 787 2228 tu
810 2165 950 2228 similis
974 2162 1084 2229 (laeli
1104 2161 1167 2246 Byr

160 2283 163 2290 ·
184 2249 294 2333 rique
316 2249 512 2315 latronum
530 2273 607 2317 non
626 2273 696 2338 ego
714 2275 795 2317 sum
814 2250 930 2338 Capri
947 2275 1075 2338 nsque
1093 2250 1167 2334 Sulc

185 2357 250 2400 cur
281 2341 431 2403 metuas
462 2340 540 2405 me?
590 2342 700 2405 66116
731 2342 902 2407 taberna.
960 2343 1063 2407 etiam
1094 2341 1119 2405 si
1146 2335 1167 2402 p

145 2442 171 2484 25
184 2423 303 2510 inquit,
327 2427 381 2510 qui
403 2432 533 2512 poetam
556 2430 665 2513 timec,
693 2433 763 2494 tam
784 2452 906 2496 nocens
930 2431 974 2496 sis
998 2427 1156 2516 quamde

184 2513 246 2578 lius
270 2517 327 2578 aut
348 2513 493 2601 Byrrius,
515 2539 583 2582 non
604 2521 716 2584 tamen
738 2540 800 2605 ego
819 2520 944 2586 delator
958 2524 1018 2585 aut
1031 2539 1139 2586 accusa

184 2606 1166 2764 6616666166661111

185 2777 274 2842 beat
300 2783 528 2866 neque'pila
554 2785 720 2850 libellos.
778 2790 879 2871 negat
905 2809 939 2853 se
966 2788 1094 2852 libellos
1118 2803 1166 2848 suo

146 2879 172 2920 so
186 2863 278 2928 edere
301 2868 495 2955 bibliopolis,
518 2872 573 2956 qui
595 2874 649 2938 uel
663 2875 817 2940 tabernas
835 2875 979 2941 habeant
992 2878 1046 2941 uel
1060 2871 1166 2940 armari

187 2951 272 3032 apud
287 2955 391 3052 pilas,
416 2979 457 3022 66
483 2959 519 3023 16
542 2961 705 3026 sordidam
726 2964 871 3048 turbam,
900 2966 1028 3050 qualem
1055 2964 1120 3028 uult
1138 2961 1166 3024 in

185 3036 296 3124 tellegi
310 3041 482 3128 Tigellium
496 3046 735 3136 Hermogenen,
747 3052 902 3119 incidant.
958 3055 1056 3119 7416
1073 3050 1166 3116 medil

185 3151 399 3170 ——-.——-

258 3200 290 3248 11
310 3199 381 3254 Ann.
402 3207 454 3255 270

186 3287 397 3308 Ἢ

256 3336 272 3382 3
292 3340 476 3422 comedraM
545 3353 561 3400 5
582 3351 740 3421 syllempsrs
759 3353 798 3407 M
870 3359 902 3408 15
921 3354 1114 3410 dissoluantur:
1130 3347 1162 3400 du

186 3401 332 3522 813ῐυῖ1116ιὶ1
350 3407 389 3461 Μ
405 3410 622 3493 dracerpantur?
704 3429 736 3477 16
755 3439 854 3492 poema
928 3417 1165 3502 6016616616611

321 3489 339 3525 n
357 3479 455 3532 addida
527 3491 561 3539 22
581 3491 636 3544 celr
653 3493 778 3563 brrrrque
797 3495 837 3548 M
915 3501 949 3550 23
969 3497 1026 3550 suti
1044 3495 1081 3550 M
1146 3495 1165 3562 2³

184 3529 343 3662 {lilllglsuzuffi
359 3629 394 3666 ne
411 3554 446 3682 ΞΟ
464 3566 572 3610 amana
591 3561 631 3614 M
700 3569 733 3617 31
753 3581 788 3618 nc
806 3581 870 3619 aas:
888 3567 1011 3634 66111111,
1031 3581 1099 3637 quac
1114 3573 1165 3630 aput
