2416 3934
167 113 210 176 50
537 109 608 166 oon
627 109 662 178 11,
681 115 697 164 2
717 113 745 164 et
764 116 788 163 a.

166 276 326 362 regnauit.
397 274 438 339 18
453 273 646 338 dissidens
669 272 775 355 plebi
797 293 953 339 numero
977 274 1174 340 beatorum

166 365 299 430 eximit
325 363 462 427 uirtus.
508 362 586 427 ordo
615 365 677 426 est:
706 360 873 426 Prahaten
907 363 1019 426 eximit
1044 385 1174 428 numero

165 455 336 519 beatorum
363 453 481 536 uirtus,
508 473 591 535 quae
618 449 705 534 plebi
733 450 880 540 dissidet,
911 450 975 516 hoc
1002 454 1064 536 est,
1097 473 1175 536 quae

166 544 270 608 uirtus
293 541 327 605 id
351 544 400 605 est
423 540 584 624 sapientia
606 561 675 604 non
695 543 746 603 cst
759 539 845 623 apud
858 539 994 624 plebem.
1059 541 1100 604 19
1115 563 1176 624 po·

140 633 374 718 epulumque
388 629 502 694 falsis
517 628 677 693 dedocet
693 629 758 692 uti.
781 628 943 695 dedocet
955 651 1015 713 pro
1026 628 1178 694 dedocere

166 721 256 805 cupit
291 719 324 784 id
357 722 407 783 est
438 717 623 782 dissuadere
649 718 770 802 populo
797 718 928 783 beatum
961 717 1066 782 dicere
1100 740 1178 802 eum,

167 811 223 894 qui
251 830 388 894 reguum
416 809 449 870 et
475 806 607 871 diuitias
628 806 807 891 possideat,
835 807 910 891 quia
936 806 1020 872 falso
1047 806 1114 872 hoc
1137 808 1178 870 di·

167 901 263 982 citur,
292 895 492 962 solummodo
521 895 613 959 illum
636 898 669 960 01
692 895 825 960 diuitem
848 900 881 960 et
902 917 1013 980 regem
1036 901 1070 960 01
1095 889 1198 972 secu-l

167 1010 239 1051 rum
267 1007 335 1050 esse
364 983 552 1067 adfirmans,
580 984 635 1069 qui
663 984 784 1048 diuitiis
808 984 922 1049 alienis
945 1007 1014 1049 non
1034 985 1178 1049 inuideat

96 1137 100 1148 .
130 1107 154 1146 ιο
168 1097 228 1141 000
257 1096 311 1140 eas
342 1073 558 1157 concupiscat.
647 1073 691 1138 22
718 1073 989 1157 propriamque
1022 1073 1177 1138 laurum.

166 1167 317 1230 laurum
340 1184 399 1247 pro
422 1163 533 1226 laurea
557 1184 593 1226 ao
616 1183 674 1245 per
696 1161 759 1227 hoc
782 1163 920 1247 gloriam
942 1163 1199 1248 intellegamus,3

165 1253 362 1338 propriam
385 1255 494 1316 autem
516 1256 715 1335 perpetuam.
783 1251 826 1316 23
850 1253 964 1317 00010
986 1252 1178 1317 inretorto

164 1343 227 1408 hoc
251 1346 300 1406 est
323 1341 417 1407 oculo
439 1361 509 1405 non
530 1340 700 1404 inuidenti.

593 1567 666 1622 000
687 1573 712 1636 0,
731 1574 755 1622 a

125 1709 152 1749 1⁵
255 1677 425 1762 Aequam
449 1681 637 1742 memento
664 1678 778 1741 rebus
805 1677 846 1741 in
868 1677 998 1742 arduis
1022 1699 1179 1744 seruare

164 1791 206 1832 m.
259 1767 340 1832 haec
372 1760 443 1854 ᾠδὴ
476 1766 517 1830 ad
546 1765 703 1842 Quintum
730 1764 872 1831 Dellium
893 1767 1026 1849 scripta
1058 1771 1109 1845 est
1140 1768 1181 1832 de

164 1857 264 1922 animi
293 1856 469 1941 aequitatc3
501 1855 616 1920 subitis
644 1855 739 1920 bouis
770 1876 838 1920 non
871 1877 940 1920 esse
972 1856 1181 1941 gaudendum

164 1969 223 2012 nec
234 1946 328 2011 malis
338 1944 584 2030 desperandum,
598 1944 654 2009 sed
662 1943 804 2009 medium
813 1948 960 2009 tenorem
970 1945 1182 2029 sequendum.

164 2039 195 2101 4.
214 2036 400 2102 moriture
414 2033 521 2099 Delli
535 2085 541 2100 .
556 2085 564 2098 .
579 2055 645 2098 000
663 2037 700 2097 10
718 2033 758 2096 in
775 2037 924 2098 remoto
939 2054 969 2118 g.
982 2057 1014 2118 p.
1028 2034 1059 2098 d.
1072 2035 1097 2098 f.
1112 2058 1138 2099 r.
1153 2036 1182 2099 b.

124 2155 150 2192 m
163 2127 198 2188 in
225 2125 288 2189 hoc
315 2145 446 2188 causam
474 2123 630 2204 ostendit,
659 2143 716 2185 cur
743 2143 845 2207 aequo
870 2123 978 2186 animo
1000 2122 1183 2188 uiuendum

165 2213 215 2296 sit,
239 2212 392 2295 quoniam
416 2211 538 2274 scilicet
560 2209 767 2275 moriundum
790 2214 849 2292 est,
872 2214 893 2291 †
920 2214 954 2274 et
981 2212 1008 2274 si
1036 2212 1184 2277 lasciuus

164 2305 197 2364 et
220 2301 247 2362 si
266 2299 377 2384 largus
401 2298 529 2364 uixeris.
584 2299 604 2363 6
625 2301 745 2364 00010
769 2300 809 2364 in
831 2303 978 2365 remoto
1003 2302 1183 2385 gramine

162 2410 231 2473 per
258 2387 339 2452 dies
366 2387 490 2452 festos
518 2387 750 2452 reclinatum
776 2389 915 2454 bearis.
967 2389 1007 2455 in
1029 2395 1184 2456 remoto

164 2477 336 2563 gramine
359 2474 422 2540 hoc
446 2480 495 2540 est
517 2477 553 2540 in
580 2498 707 2542 secessu
734 2478 885 2543 nemoris.
943 2478 1184 2544 reclinatum

123 2570 272 2636 0001010
299 2565 333 2629 id
361 2569 410 2629 est
437 2566 624 2650 resupinum
647 2565 900 2650 recumbentem,
922 2571 960 2632 ut
983 2567 1101 2653 solent,
1125 2569 1186 2652 qui

163 2656 340 2721 securiores
355 2658 388 2718 et
402 2655 509 2719 soluto
534 2655 642 2719 animo
665 2655 728 2720 hoc
750 2655 884 2721 faciunt.
943 2657 963 2720 9
986 2657 1185 2722 interiore

162 2750 255 2811 nota
277 2743 435 2810 Falerni
457 2743 520 2809 hoc
539 2747 602 2808 est:
625 2745 812 2829 uetustiore,
835 2744 988 2829 quoniam
1005 2744 1186 2812 interiores

161 2835 303 2918 lagynae
318 2834 424 2897 solent
438 2854 517 2916 esse,
536 2855 618 2917 quae
632 2833 722 2916 prius
736 2833 873 2918 stipatae
893 2837 977 2898 sunt.
1026 2835 1066 2898 11
1087 2837 1186 2920 quid

162 2922 322 3007 obliquo
349 2921 506 2986 laborat
531 2921 692 3007 lympha
718 2922 836 3006 fugax
863 2926 885 2987 t.
912 2944 938 2986 r.
984 2923 1185 2988 subaudien-

122 3040 149 3080 30
163 3009 254 3075 dum:
292 3010 319 3074 si
356 3031 394 3073 ea
430 3032 499 3075 000
535 3009 670 3093 utimum
708 3013 741 3074 et
777 3014 826 3074 est
856 3013 963 3075 totum
994 3013 1187 3078 amabiliter

163 3098 294 3163 dictum.
364 3098 405 3164 13
438 3098 512 3164 huc
539 3099 631 3163 uina
655 3102 692 3163 01
714 3103 912 3184 unguenta
936 3103 973 3164 et
994 3123 1026 3165 0.
1049 3101 1080 3167 b.
1103 3101 1126 3165 f.
1153 3125 1187 3167 a.

161 3187 183 3252 f.
206 3188 226 3252 i.
250 3209 274 3252 r.
297 3187 379 3270 huc,
402 3187 524 3252 scilieet
545 3189 602 3251 ubi
616 3188 764 3253 umbram
778 3188 973 3274 hospitalem
988 3191 1187 3256 consociant

234 3464 624 3535 3plebrrnumerod1ss1d&
644 3467 682 3521 M
757 3475 789 3522 15
809 3485 951 3525 seruauere
970 3487 1006 3524 m.
1028 3470 1068 3523 M
1143 3478 1185 3525 21

160 3536 296 3590 lasciuus:
311 3535 481 3590 adstrictus?
537 3537 703 3608 281agenae
719 3557 736 3606 ς
750 3540 784 3606 ef.
803 3535 925 3609 λάγυνος
944 3545 968 3594 01
988 3540 1069 3610 Vulp.
1085 3541 1188 3595 Inter-

155 3612 228 3678 pret.
249 3607 315 3661 Iud.
337 3611 363 3674 7,
383 3612 419 3660 16
437 3606 618 3678 (Vercelloue)
690 3615 724 3664 32
743 3611 844 3666 umbra
863 3612 901 3665 M
