2378 3934
172 130 234 195 106
515 127 588 183 onn
607 125 659 195 111,
680 132 712 184 re
731 129 760 182 et
779 133 820 182 ao.

169 293 252 358 siant
289 294 414 357 ueteres
447 290 593 376 singulos
624 289 694 354 uini
726 289 860 374 cyathos
893 291 953 355 sub
979 290 1184 375 singulorum

169 382 302 447 deorum
325 383 382 445 auh
403 379 643 444 carissimorum
675 378 737 443 sibi
768 378 955 444 nominibus
978 379 1131 446 solebant
1155 379 1184 444 in

167 471 320 555 poculum
351 468 540 554 defundere3
581 467 757 532 seeundum
794 487 876 552 quae
907 489 994 534 mmo
1024 467 1108 532 haee
1142 467 1177 532 di

169 564 294 624 cuntur.
363 559 403 623 11
427 557 553 622 aribus
577 558 791 623 autnouem
805 555 1018 622 miscentur
1030 555 1168 640 eyathi

143 648 308 732 apecula
330 645 548 712 commodis.
594 644 771 710 seeundum
783 643 876 709 illud:
898 643 1068 710 Numero
1094 645 1185 724 deus}

168 737 312 819 impare
336 734 485 820 gaudeh
556 733 597 798 15
628 737 708 799 tres
734 732 917 818 prohibet
939 755 1059 818 supra
1080 733 1185 798 rixa·

168 847 249 889 rum
281 826 454 888 metuens
486 825 649 908 ha'ngere
677 821 820 887 Gratia.
847 821 906 887 ait:
943 843 1043 906 supra
1066 843 1156 886 noue

168 912 302 998 cyathos
334 913 362 976 si
393 915 459 976 hres
492 911 664 995 addideris,
699 911 844 976 futurum
876 913 913 975 uh
941 911 1050 976 ebrius
1078 843 1186 1002 faetiii

169 1021 322 1088 exsurgas
345 1001 381 1065 in
403 1001 490 1086 lites,
507 1050 510 1056 .
527 1021 609 1085 quae
636 1000 757 1065 scilieet
788 999 967 1064 contrariae
999 1001 1078 1063 sunt
1106 998 1186 1063 Gra*

132 1090 244 1156 ntiae.
341 1091 381 1155 18
429 1111 495 1154 eur
529 1087 783 1174 Berecyntiae
829 1090 985 1154 cessant
1019 1086 1186 1152 flamina

169 1178 299 1245 tibiae.
343 1177 542 1262 Berecyntus
583 1177 660 1242 urbe
697 1180 747 1242 eet
768 1174 939 1262 Phrygiae.
985 1197 1063 1261 ergo
1086 1177 1174 1240 tibia

169 1265 331 1354 Phrygiae
355 1267 445 1350 dicit,
474 1287 555 1352 qnae
575 1266 674 1330 samis
688 1265 803 1330 Matris
817 1264 957 1351 Magnae
980 1265 1181 1330 adhibentur

170 1356 211 1422 ad
233 1378 369 1441 quarum
392 1360 506 1421 cantus
538 1357 649 1419 tamen
681 1354 787 1420 solenh
823 1356 855 1419 et
882 1355 1094 1420 conuiuantes
1127 1356 1187 1419 sale

169 1447 249 1510 tare.
329 1446 371 1510 21
404 1446 607 1529 paroentes
642 1463 711 1528 ego
749 1441 929 1507 dexteras
961 1441 1022 1508 odi
1054 1443 1090 1508 id
1125 1449 1187 1508 est:

131 1555 156 1596 n
171 1533 306 1620 odiosas,
338 1555 420 1617 quae
451 1553 556 1618 neque
585 1534 686 1618 lyram
720 1531 904 1615 percutiant
934 1553 994 1596 nec
1027 1553 1175 1616 spargan

169 1643 269 1685 rosae.
360 1622 412 1686 22.
449 1621 582 1686 audiat
626 1619 783 1685 inuidus
827 1620 1043 1686 dementem
1088 1624 1186 1684 stre-

168 1709 289 1792 pitum
331 1709 464 1794 Lyaus.
527 1711 688 1792 strepidurn
728 1709 839 1774 audrut
872 1709 974 1792 Lycus
1008 1708 1188 1794 hilaritahie

169 1800 300 1863 nostrae
328 1801 361 1862 et
382 1797 507 1862 inuidia
534 1801 712 1881 rumpatur.
779 1797 824 1862 24
860 1800 898 1862 et
933 1796 1065 1862 uicina
1102 1799 1188 1875 seni

168 1907 245 1952 non
267 1887 410 1952 habilis
433 1885 544 1971 Lyco.
576 1887 691 1951 meriho
714 1908 790 1950 non
812 1886 972 1970 habilisy
986 1885 1188 1970 quiapuella

127 1976 239 2040 roseni
274 1975 385 2042 iuncha
422 1978 479 2041 esu
552 1976 594 2040 27
632 1975 867 2060 tempestiua
902 1975 1003 2059 petit
1038 1974 1186 2040 Rhode.

168 2065 244 2148 quid
268 2068 317 2129 esh
338 2063 594 2148 tempestiua?
630 2068 739 2128 utrum
765 2085 834 2129 non
857 2064 1032 2148 inporhuna
1054 2085 1094 2128 ae
1119 2087 1181 2130 no

168 2152 387 2237 incommoda,
419 2175 461 2218 an
488 2175 565 2218 uero
592 2153 787 2236 tempestiua
808 2151 842 2217 id
865 2156 915 2218 est
936 2155 1065 2216 matura
1087 2153 1187 2217 rebus

168 2241 316 2305 ueneriis.
393 2241 436 2306 28
467 2263 522 2306 me
554 2241 683 2306 lentus
707 2239 892 2326 Glycerae
919 2244 1045 2307 horrei
1069 2263 1188 2307 amor.

170 2327 347 2414 elegantem
385 2331 462 2410 [me]
495 2331 602 2396 lentus
625 2350 716 2395 amor
740 2329 832 2415 quasi
854 2331 959 2396 latens
983 2332 1016 2394 eh
1038 2331 1188 2395 occultus

128 2440 155 2483 u
168 2438 255 2482 nune
277 2418 531 2504 intellegendum
553 2423 590 2483 uh
611 2420 719 2484 lentus
733 2419 819 2504 ignis
833 2418 959 2503 dicitur,
983 2417 1058 2502 quia
1076 2419 1188 2487 latens

168 2527 205 2572 ae
228 2507 297 2572 sine
319 2506 451 2572 flamma
473 2508 546 2574 urii.

585 2664 657 2719 ona
677 2671 703 2733 a,
722 2670 764 2719 20.

255 2771 342 2839 Non
373 2772 482 2838 uides
514 2776 659 2859 quanto
692 2767 846 2838 maneas
878 2772 1034 2856 periclo.
1103 2771 1188 2837 haee

168 2861 358 2946 allegoricos
381 2861 422 2926 ad
444 2860 580 2948 Pyrrum
609 2862 751 2927 sodalem
776 2861 939 2945 dicuntur,
972 2861 1027 2946 qui
1045 2881 1188 2949 puerum

124 2979 151 3022 ω
167 2946 351 3014 Nearchum
380 2952 511 3016 nomine
543 2973 563 3016 a
589 2951 728 3035 quadam
758 2950 882 3015 femina
913 2950 1066 3015 dilectum
1099 2951 1188 3015 solli-

238 3130 254 3179 5
273 3123 356 3195 Uerg.
375 3124 441 3180 Bue.
461 3131 486 3194 8,
507 3130 539 3180 ⁷5
611 3130 645 3179 25
664 3124 698 3179 cf.
719 3124 763 3179 od.
785 3130 809 3193 1,
830 3129 872 3193 18,
892 3131 908 3179 8

240 3288 253 3336 1
284 3283 341 3338 sia?
432 3283 631 3340 brummodn
660 3283 698 3337 M
781 3290 926 3338 61man
955 3284 993 3337 M
1084 3289 1184 3338 ‘lme-

166 3353 233 3406 huns
253 3353 291 3405 M
369 3361 385 3409 9
408 3353 509 3408 amhn&
527 3354 549 3408 dr
568 3355 606 3408 M
681 3359 715 3410 10
729 3369 855 3408 uerescm
886 3370 919 3408 ae
937 3359 963 3408 et
980 3355 1183 3425 uereeeynthus

168 3567 207 3686 rot
224 3561 302 3686 {031}
335 3579 364 3617 se
389 3564 428 3616 M
514 3564 581 3618 rode
605 3565 643 3618 M
730 3571 766 3620 24
792 3581 837 3620 me
865 3566 954 3622 deleri
1044 3573 1080 3623 30
1110 3567 1186 3622 soih-

168 3648 225 3686 e1a

241 3498 273 3545 15
292 3492 375 3546 hram
