2378 3934
16 89 19 202 1
337 111 499 183 66666666,
519 120 543 183 6,
563 119 678 170 66-66.
946 117 1012 182 223

29 297 79 359 que
106 296 185 340 6666
215 275 256 339 in
285 275 492 342 amicorum
523 298 689 342 numero.
734 279 880 365 plerique
903 281 1013 366 grauis

27 363 110 428 iudicii
137 364 199 428 uiri
230 364 304 429 ideo
332 386 401 432 non
431 366 592 430 temere'
582 389 618 430 m
646 367 822 431 amicitiam
844 369 1013 454 recipiunt,

27 476 53 518 66
80 452 164 518 facile
196 453 373 519 dimittant.
418 453 561 520 ostendit
592 475 670 541 ergo
703 454 926 521 Maecenatem
956 480 1013 542 per

27 563 117 606 nouom
146 563 274 607 menses
307 543 345 607 de
378 565 411 608 66
443 543 602 608 6661666666
635 565 672 609 66
704 544 749 609 666
779 545 815 609 in
838 547 1013 612 amicitiam

26 631 163 715 recepisse.
245 631 289 697 65
326 631 434 717 atqui
466 634 500 697 66
530 632 641 698 661666
673 633 931 700 mediocribus
968 653 1037 700 ao⁵

27 742 87 784 nea
104 720 235 804 paucis
258 722 442 786 mendosa
464 724 524 786 est
545 724 686 786 natura
706 723 1012 808 alioquinrecta.

26 809 175 874 uerecunde
197 809 370 876 confitetur
392 832 461 875 6666
483 810 643 875 nonnulla
665 811 754 897 66166,
776 833 889 877 uerum
902 816 1014 878 tamen

26 897 178 963 mediocria.
224 901 258 962 et
283 899 412 963 uidetur
433 898 495 965 hoo
518 921 631 965 uerum
654 921 736 984 6666,
768 904 806 965 61
826 923 923 966 nemo
945 923 1013 967 non

26 987 164 1072 ineliquo
188 987 269 1052 uitio
293 988 336 1052 661
358 988 568 1074 constitutus,
600 989 657 1054 sed
687 989 755 1054 iam
786 990 907 1055 dudum
930 991 1012 1056 bene

25 1077 120 1159 atsi
140 1075 221 1140 illud
244 1077 359 1142 uitium
392 1077 435 1142 661
464 1099 602 1161 paruum
622 1081 654 1143 e
640 1078 728 1142 tcui
750 1077 877 1164 ignosci
899 1079 1012 1164 possit.
1028 1098 1052 1137 10

89 1165 129 1230 68
161 1167 229 1229 661
259 1166 359 1230 mala
381 1166 507 1231 lustra
530 1166 678 1232 obiciet
700 1167 901 1252 quisquam
924 1189 1012 1232 nere

26 1253 101 1317 nihi.
144 1253 248 1318 lustra
268 1275 337 1320 non
359 1254 501 1320 ferarum
523 1255 642 1321 cubilia
663 1257 793 1320 tantum
821 1256 998 1340 sedetpo

27 1343 95 1424 pirae
117 1342 276 1408 dicuntur
303 1347 428 1408 namet
449 1341 564 1409 Plaut
549 1348 611 1410 tus
639 1345 675 1409 in
699 1341 841 1408 (1666666
869 1344 915 1408 661
937 1279 1012 1409 Ubi

26 1431 197 1496 inlustra
233 1432 400 1497 iacuisti.
454 1435 541 1499 mala
573 1434 677 1498 lustra
714 1435 822 1496 autem
856 1437 1012 1518 perpetuo

27 1520 139 1603 epitheto
163 1519 259 1607 dixit3
282 1541 341 1586 nec
364 1522 452 1587 enim
471 1526 548 1589 sunt
561 1523 657 1606 bona,
679 1525 716 1586 ut
730 1521 772 1586 ad
785 1521 1011 1587 discretionem
1027 1540 1051 1580 1⁵

27 1629 108 1674 eorum
138 1610 227 1674 mala
258 1610 382 1676 dixerit.
437 1612 484 1676 sic
520 1611 598 1676 dicit
628 1610 806 1675 Plautus:
843 1609 1012 1675 Athenis

27 1697 140 1764 Atticis
177 1702 211 1764 et
238 1697 423 1766 Lucilius:
456 1698 649 1785 Campana
676 1698 814 1784 Capua.
882 1699 1013 1765 6961)-

27 1787 91 1852 iciet
111 1788 316 1874 qnisquam
337 1810 426 1854 uere
450 1788 552 1854 mihi.
579 1790 662 1854 bcne
677 1789 820 1854 additum
845 1792 894 1852 661
917 1810 1013 1853 uere.

28 1875 177 1941 6161666666
191 1877 287 1942 nobis
310 1878 489 1943 curandum
512 1881 570 1963 661,
592 1900 634 1943 ne
652 1878 781 1963 probra,
804 1899 885 1962 quae
903 1877 939 1940 in
951 1899 1012 1942 nos

28 1963 159 2051 16666166,
196 1987 272 2030 6666
301 1966 462 2052 6166666166,
499 1967 644 2052 alioquin
675 1968 753 2050 quic
785 1966 944 2051 dieantur,
977 1966 1012 2030 in
1026 1983 1052 2025 6ο

28 2057 113 2118 nostra
132 2076 201 2120 non
225 2057 275 2120 est
296 2057 468 2140 potestate.
533 2057 575 2121 72
607 2057 646 2122 in
668 2053 782 2120 Flaui
803 2055 933 2119 ludum
956 2077 1011 2119 me

26 2144 159 2208 66111666
204 2143 355 2210 6661616661
384 2144 473 2209 hunc
495 2143 646 2211 Flauium
678 2147 881 2210 aeternarum
905 2145 1012 2210 docto-

16 2251 72 2295 reru
89 2231 195 2298 666666.
272 2233 315 2298 83
353 2233 525 2298 66666661
557 2235 603 2298 ab
640 2235 743 2299 omni
774 2255 852 2298 non
889 2233 1012 2298 solum

16 2317 102 2387 16616
124 2343 256 2386 uerum
280 2323 490 2406 obprobrio
514 2343 663 2425 quoque
685 2321 801 2407 turpi.
839 2321 969 2407 elegant
969 2341 1013 2386 66.

16 2407 135 2474 forsitan
158 2411 246 2475 enim
267 2433 383 2495 parum
414 2411 526 2477 sitite
547 2411 657 2494 uiuere
679 2432 721 2475 ne
743 2410 932 2496 probrose
922 2432 957 2474 m
980 2413 1053 2474 1666

28 2496 118 2581 aliquid
132 2499 300 2584 admittas,
321 2500 386 2565 nisi
408 2500 506 2565 etiam
529 2499 746 2585 suspicionem
772 2519 902 2564 omnem
925 2519 1012 2563 amo-

16 2607 87 2651 6666.
141 2587 185 2654 85
199 2609 267 2654 nec
289 2589 421 2654 timuit
444 2589 520 2654 sibi
541 2612 587 2654 ne
610 2589 709 2654 uitio
733 2589 818 2675 quis
841 2590 1013 2650 uerteret

16 2675 141 2740 olim
111 2699 143 2742 66
165 2697 306 2762 praeco
329 2700 469 2762 paruas
498 2682 564 2743 aut
589 2684 626 2744 61
613 2677 760 2742 16661
751 2697 833 2761 ipso
855 2678 1014 2740 coactor

16 2743 189 2831 1666666666
227 2788 416 2852 sequerer.
463 2767 663 2853 quidquod,
695 2766 900 2866 inquit3n0n
923 2785 1012 2828 uere-

16 2847 94 2917 16166
114 2876 206 2920 meus
228 2859 334 2940 pater,
366 2878 407 2921 ne
430 2856 466 2920 in
488 2857 607 2920 malam
630 2853 905 2920 existimationem
928 2853 1027 2937 apud
1028 2875 1054 2914 66

16 2939 86 3018 dues
113 2947 147 3008 61
178 2947 336 3030 cognatos
368 2943 536 3029 recideret,
572 2945 600 3008 si
629 2944 710 3009 mihi
737 2943 885 3008 liberalia
907 2942 1016 3008 studia

16 3101 106 3252 ’,11666
122 3119 184 3175 666.
205 3125 235 3189 6,
254 3124 279 3188 6,
298 3124 341 3174 66.
397 3125 431 3174 66
448 3118 547 3174 Pseud
568 3126 597 3188 1
617 3123 646 3188 6,
665 3125 691 3174 a.
756 3116 895 3172 nuncil
914 3116 1014 3186 fragm

16 3283 18 3406 1
73 3355 128 3406 tet
146 3357 164 3405 4
183 3351 340 3404 amiticiam
359 3351 398 3404 M
467 3349 662 3404 3dom1ttant
680 3349 719 3402 M
789 3349 920 3403 666616.
949 3364 1016 3404 uera

16 3411 50 3480 16
106 3422 210 3476 cauo
240 3421 278 3475 66
353 3427 387 3476 66
413 3436 514 3491 pamm
541 3420 580 3474 66
650 3426 684 3474 66
710 3418 828 3473 Plausus
846 3423 872 3472 6
890 3417 1016 3473 naeuius

16 3491 187 3562 116.-616616
215 3497 241 3546 ct
266 3491 364 3547 lucrho
383 3491 563 3560 Μ,(1666166
580 3507 598 3544 6
624 3490 726 3544 Plauto
753 3488 979 3556 6166666166ς

16 3557 47 3620 111
59 3511 106 3618 dia
124 3565 213 3634 quin?
264 3563 513 3619 meetseren!
560 3567 594 3615 24
622 3559 802 3628 obprobrium
821 3559 860 3612 M
911 3557 1014 3610 26166-

16 3629 81 3686 16166
98 3582 145 3689 Mq
189 3651 272 3704 prose
292 3635 331 3688 M
388 3639 421 3688 27
441 3633 495 3688 66166
512 3647 572 3688 6666
592 3631 630 3684 Μ
691 3634 725 3682 29
745 3643 905 3697 sequererer
924 3627 962 3678 M
