2378 3934
160 135 224 199 160
569 132 718 189 EPODON
736 139 761 188 9.

157 298 289 402 fugisse.
335 317 472 382 quorum
498 297 620 362 mentio
643 295 715 362 ideo
738 295 828 360 laeta
855 299 918 380 est,
945 299 982 362 ut
1004 295 1161 368 Romanos

158 409 213 472 qm
236 386 297 452 sub
320 385 513 471 praepositis
536 384 733 470 spadonibus
753 401 857 470 aequo
872 385 979 450 animo
993 385 1160 454 militarent

158 472 1014 651 tetta3t³2t⁶tttlttffittttftl⁰fflt
1030 475 1157 629 llll

132 655 328 740 aliumque
350 653 505 717 nauium
525 655 640 736 portu
657 653 785 718 latent
800 669 948 738 puppes
967 651 1164 718 sinistror-

160 764 240 808 sum
262 744 371 807 eitae.
408 740 487 808 ordo
502 745 563 806 est:
585 759 710 826 puppes
724 739 892 806 hostilium
910 740 1047 806 nauium
1068 743 1160 808 latent

158 835 263 916 portu.
309 852 347 896 ae
367 829 564 896 locutionem
587 829 723 895 adtende
752 829 933 894 mirandam
961 829 1160 914 συνεκδοχὴν

159 924 192 985 et
227 921 437 1005 περίφρασιν.
496 917 767 984 sinistrorsum
802 918 904 984 citae
941 921 1052 983 autem
1086 919 1161 1004 quod

159 1008 287 1092 dixerit,
323 1007 531 1072 manifestum
566 1010 616 1072 est
652 1005 883 1073 Alexandriam
918 1025 1053 1073 uersum
1093 1029 1163 1074 esse.

120 1121 147 1162 10
159 1095 411 1182 intellegendum
453 1100 562 1162 autem
603 1117 620 1160 e
660 1095 770 1161 littore
809 1095 916 1180 Epiri,
961 1097 1019 1161 ubi
1061 1117 1163 1183 pugna

159 1186 284 1251 naualis
307 1205 381 1250 eum
402 1184 548 1250 Antonio
570 1184 642 1249 fuit.
680 1185 709 1248 si
730 1183 862 1250 Italiam
883 1187 976 1270 petas
999 1185 1037 1250 in
1061 1183 1163 1251 dextra

160 1297 214 1340 sas
245 1295 375 1339 necesse
408 1277 470 1358 est,
503 1274 530 1338 si
561 1273 792 1339 Alexandriam
827 1273 864 1338 in
899 1273 1043 1338 sinistra.
1125 1277 1160 1340 21

159 1364 196 1429 io
227 1362 421 1447 triumphe
447 1367 488 1428 tu
519 1363 683 1429 moraris
713 1381 850 1427 aureos
877 1380 1023 1427 eurrns.
1079 1363 1162 1448 quasi

160 1452 256 1517 deum
277 1451 409 1518 innonat
431 1451 640 1536 triumphum.
685 1453 732 1535 tu,
754 1450 869 1536 inquit,
891 1449 1029 1516 moraris
1051 1471 1163 1536 currus,

120 1564 146 1606 a
160 1541 215 1625 qui
237 1541 302 1605 iam
324 1541 430 1624 parati
453 1542 543 1623 sunt;
565 1539 698 1606 tandem
713 1540 797 1605 ueni.
865 1540 909 1605 22
932 1543 970 1604 et
996 1540 1162 1606 intactas

159 1629 276 1693 boues
310 1629 343 1692 id
371 1632 433 1692 est:
464 1628 649 1694 indomitas.
716 1629 875 1695 feminino
910 1631 1020 1693 autem
1054 1651 1162 1716 genere

159 1717 260 1780 boues
282 1737 350 1782 non
368 1717 414 1780 sie
428 1716 517 1801 dixit,
537 1719 630 1802 quasi
643 1717 774 1784 feminis
787 1719 917 1783 tantum
930 1717 1164 1803 triumphantes

160 1804 349 1889 sacrificent,
367 1806 423 1870 sed
437 1806 513 1890 quia
528 1807 637 1872 nescio
652 1807 729 1892 quid
743 1807 867 1892 gratius
878 1806 1039 1872 feminino
1055 1829 1164 1894 genere

159 1895 260 1960 boues
283 1917 379 1980 quam
401 1895 579 1961 masculino
603 1894 763 1961 dicuntur.
808 1895 945 1980 denique
973 1900 1007 1960 et
1033 1895 1164 1982 Uergi·

120 1984 249 2050 solius:
271 1982 344 2049 Ille
366 2005 467 2050 meas
490 2003 619 2049 errare
642 1985 761 2050 boues
783 1988 826 2049 ut
848 1985 984 2050 cernis.
1069 1987 1112 2051 23
1133 1987 1163 2050 io

159 2073 353 2157 triumphe
379 2093 448 2157 nee
479 2073 544 2154 [in]
573 2072 808 2160 Iugurthino
832 2094 962 2158 parem
985 2073 1090 2140 bello
1112 2096 1179 2156 re-3

159 2162 328 2244 portasti
356 2161 494 2226 ducem.
552 2184 620 2228 non
648 2165 756 2246 tanta,
786 2162 906 2246 inquit,
936 2163 1042 2246 gloria
1070 2161 1166 2228 Gaius

159 2247 282 2313 Marius
301 2248 339 2313 de
353 2247 513 2334 Iugurtha
529 2250 752 2336 triumphauit.
812 2251 854 2316 22
874 2254 980 2316 terra
997 2253 1166 2338 marique

159 2338 288 2402 uietus
314 2337 440 2403 hostis
467 2341 606 2424 punico
633 2340 798 2426 lugubre
830 2340 998 2406 mutauit
1030 2363 1166 2428 sagum.

120 2450 147 2492 rs
161 2447 292 2512 sagum
324 2426 386 2491 hou
413 2431 476 2492 est:
505 2428 654 2514 deposuit
680 2427 844 2494 coceinam
871 2428 1077 2513 chlamydem
1104 2431 1166 2494 An-

159 2515 283 2600 tonius,
309 2537 374 2601 qua
401 2517 524 2582 seilicet
549 2523 585 2582 ut
614 2519 791 2602 impensior
812 2518 966 2584 utebatur
990 2520 1024 2583 et
1047 2519 1167 2603 aceepit

159 2606 328 2691 lugubrem
342 2605 375 2670 id
389 2608 439 2670 est
451 2607 588 2692 nigram.
625 2611 658 2671 et
671 2611 780 2672 utinm
798 2607 841 2672 ob
863 2607 987 2696 luctum
1009 2607 1167 2672 uictarum

159 2695 301 2778 partium
326 2695 390 2760 hoe
411 2693 492 2760 fauit
514 2716 556 2760 an
578 2698 616 2762 ut
638 2696 673 2760 in
695 2695 775 2782 fuga
796 2696 919 2761 lateat?
992 2696 1035 2760 31
1064 2717 1165 2760 exer·

160 2784 301 2849 citatas
330 2785 395 2848 aut
422 2784 522 2868 petit
549 2781 682 2869 Syrtes
709 2789 811 2850 noto.
863 2805 928 2850 uon
951 2783 1042 2850 ‘noto
1065 2782 1166 2868 petit',

121 2892 147 2933 su
161 2872 216 2934 sed
230 2871 432 2936 ‘exercitatas
445 2872 546 2939 noto'.
578 2895 655 2939 nam
677 2878 711 2938 et
733 2873 811 2938 alibi
833 2875 880 2939 ait
906 2870 1039 2939 Undas
1064 2892 1164 2938 exer-

160 2963 220 3024 cet
237 2964 375 3026 auster.
420 2962 464 3027 32
478 2967 546 3027 aut
563 2962 688 3027 fertur
705 2963 855 3029 incerto
873 2963 979 3028 mari.
1011 2957 1164 3048 ἀναφορὰ

232 3142 264 3192 re
283 3137 349 3191 Bne.
370 3143 394 3206 1,
414 3142 430 3192 a
504 3137 771 3207 3101111111

231 3277 408 3332 ahonerur&
427 3279 466 3332 M
518 3284 577 3334 tet
595 3287 611 3335 8
629 3280 804 3334 sinistrosum
823 3278 861 3332 M
913 3278 1075 3333 thostsmn
1095 3279 1129 3332 M

161 3347 289 3411 tportm
308 3363 342 3400 ue
358 3348 529 3404 locutionem
547 3351 621 3418 (furt.
641 3352 740 3406 rectius
763 3351 860 3419 portu,
902 3365 940 3403 ua
962 3349 992 3403 in
1014 3349 1163 3414 locutione)

158 3427 221 3467 nos:
243 3416 587 3484 portuq3adloene1onem
606 3421 645 3474 M
698 3425 730 3476 15
749 3420 863 3475 taudem
905 3421 986 3490 aalys
1003 3421 1117 3476 tuntum
1130 3419 1167 3472 M

232 3489 264 3538 18
283 3501 376 3540 neseio
395 3489 432 3554 qd
449 3490 545 3557 (quod)
564 3489 603 3544 M
664 3491 768 3546 201112,
786 3491 825 3544 M
885 3497 920 3547 22
939 3487 1052 3546 tantm
1070 3489 1164 3560 mquid

143 3551 279 3620 glomum
297 3552 337 3607 M
405 3561 438 3610 23
457 3574 555 3629 marus,
573 3579 602 3614 m
619 3577 680 3630 sup.
698 3561 825 3631 rposu'ta,
845 3561 884 3616 M
948 3567 983 3616 26
1005 3562 1164 3618 ehoeemam

159 3621 308 3679 elamrdem
326 3624 476 3682 anthemus
496 3629 534 3682 M
585 3635 619 3686 30
638 3631 688 3688 sed
706 3633 842 3688 exereitus
858 3632 897 3686 M
947 3635 1061 3688 31uut:
1081 3650 1117 3688 au
1131 3631 1166 3686 M
