2378 3934
419 168 491 224 ona
510 169 558 238 111,
577 176 594 224 ι
613 172 642 224 a
661 176 686 226 e.
1018 169 1061 233 93
1181 207 1182 212 ι

58 333 231 396 ebrietatem
255 332 296 396 ad
318 332 392 397 lites
406 332 527 396 inoitet.
607 331 646 396 17
671 332 782 397 mitte
806 333 936 398 ciuilis
951 355 975 398 s.
990 356 1021 398 u.
1036 355 1062 399 e.

57 420 127 507 noli,
152 421 272 507 inquit,
300 421 456 487 sollicitus
480 442 549 486 esse
572 420 611 485 de
635 422 738 486 salute
762 419 866 505 urbis,
898 443 972 486 oum
996 423 1062 486 sint

56 515 117 574 tuta
137 511 247 576 omnia
270 514 304 576 et
330 511 420 576 solue
444 510 589 576 animum
611 510 653 574 ad
675 509 834 576 laetitiam
854 511 890 574 in
909 511 1061 577 conuiuio

54 620 125 663 meo.
203 601 243 662 19
276 597 408 664 Medus
440 599 599 664 infestis
632 599 708 664 sibi
730 599 923 664 luctuosis
947 599 1061 664 disei-

56 688 108 752 det
138 688 263 752 armis.
313 685 426 752 Medos
459 687 620 772 signifieat
655 689 739 753 inter
776 709 809 753 se
847 687 1086 754 seditionibuss

54 780 219 860 occupatos
232 797 312 842 esse.
390 777 432 840 21
448 776 572 842 seruit
594 774 793 861 Hispanae
808 780 919 841 uetus
933 777 1060 842 hostis

54 887 140 929 orae.
186 887 277 930 orae
310 865 473 952 genitiuus
502 887 595 930 oasus
628 869 661 930 et
688 865 887 950 Hispanae
918 863 1061 930 eiusdem

54 976 135 1018 casus
157 957 219 1020 est.
296 955 340 1020 22
373 952 568 1020 Cantaber
597 975 682 1020 sera
712 954 880 1019 domitus
911 957 1059 1019 eatena.

54 1044 282 1198 {batth
304 1044 555 1198 illibatum
575 1043 1060 1218 libillleltllilielll
1075 1153 1100 1192 ι

53 1222 210 1304 populus
233 1222 394 1304 laboret.
444 1222 660 1307 neglegens
683 1243 770 1286 nune
793 1242 853 1306 pro
877 1242 1060 1305 seonropo-

52 1310 139 1374 situm
172 1313 237 1396 est,
268 1314 307 1376 ut
342 1333 360 1376 e
388 1311 550 1377 contrario
584 1309 783 1396 Uergilius
820 1331 969 1374 securum
1000 1307 1060 1392 pro

51 1400 230 1486 neglegenti
258 1400 339 1470 dixit
365 1397 531 1466 Securus
559 1421 728 1466 amorum
751 1420 969 1484 germanae.

51 1487 85 1551 26
114 1511 230 1572 parce
253 1490 440 1574 priuatus.
486 1501 568 1553 eum
583 1489 644 1572 sis,
667 1489 787 1574 inquit,
809 1488 970 1572 priuatus,
993 1487 1061 1552 noli

54 1576 202 1663 adrogare
226 1578 288 1643 tibi
310 1578 365 1645 diu
387 1578 434 1644 rei
456 1577 605 1663 publicae
629 1598 747 1643 euram.
1076 1595 1101 1635 1⁵

473 1699 547 1754 oua
566 1705 592 1769 a,
612 1705 637 1754 e.

127 1792 268 1858 Donec.
295 1794 429 1877 gratus
461 1813 563 1855 eram
594 1791 678 1855 tibi.
726 1790 789 1855 hae
822 1783 894 1878 ᾠδῇ
926 1789 1061 1854 alternis

54 1882 167 1946 uieibus
190 1881 444 1966 respondentem
467 1879 529 1945 sibi
542 1878 678 1962 Lydiam
701 1879 839 1944 amicam
856 1878 945 1942 facit.
992 1877 1062 1962 agit

51 1975 149 2035 autem
172 1993 249 2035 eum
273 1992 311 2034 ea
324 1970 363 2034 de
376 1969 614 2034 instauratione
628 1968 763 2054 gratiae.
808 1967 928 2032 donee
952 1969 1061 2030 autem

50 2082 99 2143 pro
123 2058 304 2144 ‘quamdiu'
326 2059 469 2144 positum
493 2061 550 2123 est.
622 2057 644 2122 2
675 2078 744 2122 neo
768 2055 968 2141 quisquam
992 2077 1058 2138 po·
1073 2077 1099 2116 ao

51 2149 117 2213 tior
153 2148 315 2213 brachia
347 2146 532 2212 candidae
570 2145 715 2211 ceruici
747 2144 900 2210 iuuenis
932 2144 1060 2210 dabat.

52 2237 162 2302 idest:
186 2259 248 2302 neo
271 2258 466 2322 quemquam
488 2257 540 2300 me
562 2235 723 2319 potiorem
737 2234 896 2318 habebas,
919 2234 972 2298 eui
995 2255 1061 2298 eer-

51 2327 121 2391 uiois
161 2331 239 2392 tuae
282 2328 447 2409 amplexus
477 2325 690 2409 permitteres.
767 2323 788 2388 5
826 2323 945 2388 donee
983 2344 1061 2387 non

52 2417 119 2479 alia
150 2415 274 2502 magis
307 2414 450 2480 arsisti.
499 2414 553 2478 his
585 2413 702 2478 dehine
732 2416 886 2496 quattuor
913 2412 1061 2477 uersibus

51 2503 144 2586 Lydia
175 2504 352 2589 respondet
390 2507 423 2568 et
455 2503 619 2587 deinceps,
655 2506 693 2566 ut
734 2501 815 2586 dixi,
851 2501 939 2566 uices
975 2501 1061 2564 inter
1074 2521 1100 2561 a

52 2613 98 2657 eos
127 2597 205 2659 sunt
232 2593 360 2658 dioendi
388 2613 426 2656 ao
455 2591 673 2676 respondendi
705 2591 870 2675 quaternis
903 2589 1060 2653 uersibus.

86 2709 92 2718 ·
131 2683 152 2747 6
194 2704 317 2767 neque
347 2685 431 2747 erat
453 2680 574 2764 Lydia
603 2683 693 2764 post
720 2678 879 2746 Chloen:
916 2699 976 2742 neo
1000 2675 1061 2760 Ly·

54 2769 130 2834 diam
152 2771 187 2836 id
210 2775 261 2836 est
283 2793 342 2836 me.
356 2769 578 2856 postponebas
601 2767 731 2835 Chloae.
810 2769 828 2831 7
857 2766 970 2831 multi
993 2765 1062 2850 Ly-

54 2857 106 2922 dia
134 2861 313 2926 nominis.
357 2860 391 2925 id
423 2863 473 2924 est
505 2858 629 2944 ‘magni
658 2856 811 2923 nominie’
845 2878 882 2921 ao
911 2877 969 2940 per
997 2853 1061 2920 hoo

56 2946 163 3014 ‘darae
196 2947 324 3014 famae'.
401 2949 441 3014 11
474 2971 544 3031 pro
572 2969 645 3032 qua
667 2968 745 3013 non
767 2949 932 3010 metuam
956 2944 1060 3009 mori.
1074 2973 1100 3014 ιι

55 3036 81 3098 si
100 3042 292 3122 parcent..
314 3038 337 3102 f.
359 3059 384 3102 s.
429 3037 549 3101 idest:
582 3037 610 3100 si
641 3058 713 3101 mea
744 3039 849 3103 morte
881 3034 968 3098 illius
992 3033 1059 3097 ani-

55 3146 115 3190 mae
145 3128 215 3192 fata
244 3130 393 3212 parcent,
423 3129 461 3192 ut
491 3125 697 3210 superstitem
728 3147 799 3189 eam
828 3123 909 3187 mihi
936 3122 1061 3186 faciant

55 3212 123 3280 lata.
191 3218 241 3280 14.
275 3215 439 3282 Thurini
472 3213 602 3280 Calais
634 3213 746 3278 filius
779 3211 929 3295 Ornyti.
982 3209 1083 3294 ordo¹

6 3315 8 3330 '
58 3307 98 3366 est
125 3309 157 3369 et
188 3327 317 3371 sensus:
353 3303 492 3386 Thurini
523 3301 642 3386 Ornyti
671 3303 757 3368 filius
781 3301 888 3366 Calais
920 3299 1061 3364 nomine.

60 3409 261 3422 -α-ιι-υ--ι-η

6 3439 7 3466 ¹
121 3447 240 3500 maen.
262 3451 286 3514 1,
305 3449 365 3499 eso.

60 3529 259 3546 Q*

120 3567 375 3624 taebnetatemlll
431 3565 635 3622 tletroramM
687 3563 832 3618 41nfert1s
851 3561 889 3615 M
942 3560 1061 3625 rhispa-

61 3638 160 3692 ΗΕΘΜ
214 3639 518 3712 8oantauersqraM
588 3635 784 3704 15re1p.M
854 3637 886 3684 17
905 3632 935 3683 to
954 3625 1063 3680 ΔΗΜ

119 3714 152 3764 22
169 3727 232 3766 eum
251 3711 291 3765 M
343 3715 377 3766 26
395 3708 540 3779 respondit
559 3707 598 3761 M
666 3721 748 3760 uoces
767 3704 805 3772 Μ
858 3705 891 3754 28
911 3697 990 3751 chloe
1005 3693 1044 3746 M
