2378 3934
431 145 503 203 ons
523 149 570 218 iv,
592 156 615 224 r.

290 509 489 583 onnaun
516 511 661 585 urana
687 512 749 585 ru.
837 615 839 622 A

103 684 339 750 Intermissa
370 683 500 750 Uenus
538 687 611 752 diu.
679 691 754 771 post
790 692 1031 754 eonsummatos

34 773 183 857 editosque
199 777 268 838 tres
289 775 468 840 carminum
485 774 586 840 libros
600 777 740 841 maximo
755 777 928 844 interuallo
944 778 1032 843 hune

33 867 165 944 quartum
195 862 335 929 seribere
363 864 538 948 conpulsus
566 886 636 930 esse
666 865 783 930 dieitur
806 866 847 931 ab
870 864 1032 952 Augusta

34 957 59 1013 ut
70 949 209 1017 Neronis
234 953 378 1038 priuigni
401 953 469 1018 eius
489 954 660 1018 uictoriam
675 953 713 1017 de
727 953 839 1020 Raetis
853 953 1030 1021 Uindelicis
1044 970 1061 1011 ‹¹›
1083 1027 1088 1034 ,

33 1041 197 1122 quaesitam
226 1042 429 1126 inlustraret,
457 1064 539 1126 quae
561 1044 597 1106 in
619 1042 682 1108 hoo
704 1043 787 1109 libro
812 1065 850 1109 ea
874 1044 933 1110 ode
957 1066 1033 1109 eon-

32 1129 175 1214 tinentur,
206 1151 289 1215 quae
318 1131 363 1195 sio
385 1131 501 1216 incipit
528 1130 686 1208 Qualem
715 1132 935 1198 ministrum
957 1133 1034 1198 ful-

33 1218 129 1282 minis
168 1220 311 1285 alitem.
369 1221 596 1285 intermissa
631 1219 762 1286 Uenus
799 1221 863 1286 diu
899 1243 1033 1286 rursus

34 1308 118 1370 bella
140 1331 284 1374 moues.
337 1309 372 1373 in
395 1311 559 1394 superiore
582 1311 665 1375 libro
689 1310 889 1376 ostendimus
912 1311 1034 1395 allego-

33 1395 99 1460 ricos
121 1397 212 1462 bella
235 1402 268 1462 et
290 1397 440 1462 militiam
453 1396 590 1463 Ueneris
603 1397 777 1465 Horatium
794 1421 855 1484 pro
869 1399 1033 1464 amoribus
1047 1418 1077 1457 10

35 1484 131 1550 dicere.
215 1487 238 1550 4
261 1487 330 1550 sub
352 1508 474 1572 regno
498 1485 671 1553 Cinarae.
729 1509 787 1573 per
811 1509 849 1552 ea
873 1487 1035 1574 signifieat

35 1570 171 1638 tinaram
200 1597 234 1639 se
262 1561 395 1640 amas'se.
455 1580 488 1640 et
515 1576 578 1642 hoo
601 1580 710 1641 autem
733 1577 925 1663 allegoricos
948 1575 1034 1661 quod

35 1663 68 1726 ait
87 1663 160 1727 ‘sub
185 1685 287 1750 regno
312 1661 460 1729 Cinarae'
484 1667 575 1750 quasi
599 1665 671 1730 ‘sub
695 1663 860 1731 dominio'.
920 1664 975 1729 sed
997 1668 1035 1728 ut

35 1751 214 1836 dignitatem
236 1751 359 1818 formae
382 1754 450 1818 eius
474 1754 666 1840 ostenderet,
688 1755 836 1840 reginam
855 1754 917 1818 sibi
934 1753 1035 1818 fuisse

34 1841 75 1903 ait.
165 1841 187 1918 6
211 1842 314 1906 eirea
341 1843 468 1907 lustra
495 1843 630 1908 decem.
689 1843 1078 1928 propeannosquin-1o

35 1929 178 2014 quaginta
193 1931 309 1996 aetatis
323 1931 388 1997 iam
403 1953 437 1996 se
452 1932 531 1996 dieit
544 1953 648 2018 agere.
695 1933 715 1998 6
729 1932 890 1997 flectere
909 1930 1035 1996 molli-

35 2019 89 2082 bus
113 2020 191 2085 iam
214 2020 358 2086 durum.
403 2015 590 2086 ἀντίθετον.
635 2021 787 2088 mollibus
811 2021 898 2086 enim
921 2019 1036 2083 durum

35 2108 182 2191 obposuit.
241 2110 353 2176 mollia
381 2115 488 2174 autem
511 2107 649 2176 Ueneris
676 2111 812 2196 imperia
834 2109 921 2192 dioit,
944 2109 1036 2192 quasi

35 2197 142 2262 ludicra
171 2220 209 2263 ae
240 2198 378 2264 delicata
405 2200 484 2284 sint,
515 2220 548 2264 se
577 2202 686 2264 autern
716 2197 832 2264 durum
855 2199 915 2283 ait,
942 2198 1035 2281 quasi

37 2285 87 2348 iam
109 2287 341 2353 indomabilem
364 2293 496 2374 propter
519 2292 668 2355 aetatem.
704 2311 781 2354 nam
805 2291 838 2353 et
855 2287 918 2352 hoe
931 2290 1037 2351 trans-
1051 2307 1080 2346 eo

37 2373 121 2439 latiue
143 2377 263 2441 dieitur
286 2399 306 2442 a
328 2377 506 2461 pecoribus,
530 2379 639 2458 quotue
662 2378 814 2443 eumiam
829 2380 935 2441 aetate
949 2375 1038 2440 duris

38 2465 709 2639 Mlpttltlllllltllltll
731 2468 1038 2641 {trullis

39 2641 208 2707 oloribus.
267 2641 388 2709 Fabius
417 2643 579 2709 Maximus
607 2644 728 2710 Paulus
760 2645 824 2709 fuit
854 2643 974 2708 nobilis
1006 2646 1039 2704 et

39 2729 160 2796 disertus
184 2731 385 2818 adulescens,
417 2734 469 2798 eui
491 2733 640 2798 uenerios
662 2735 753 2799 lusus
780 2753 867 2797 nuno
890 2752 946 2795 eur
969 2751 1037 2793 ma·
1051 2747 1080 2790 25

40 2819 110 2882 xime
136 2823 311 2886 conuenire
340 2822 438 2908 dieat,
466 2824 535 2908 ipse
559 2823 702 2888 ostendit
725 2820 911 2888 subiciendo
935 2825 1039 2883 nam-

42 2927 99 2989 que
125 2911 270 2976 nobilis
300 2915 338 2975 et
360 2911 499 2978 doeens
523 2915 560 2976 et
581 2934 650 2996 pro
675 2911 861 2977 sollicitis
884 2911 961 2975 non
983 2911 1040 2971 ta·

41 3035 240 3047 Q*—

103 3087 267 3156 rod.4,4
340 3087 426 3144 oon.
446 3094 472 3156 3,
492 3093 570 3156 ao‚2

104 3237 192 3302 2pos,
211 3250 247 3287 m.
267 3235 287 3285 2
308 3233 419 3286 addidit
436 3233 458 3301 t,
478 3233 516 3286 M
613 3230 720 3286 ondens
738 3228 875 3284 mdehtns
894 3225 933 3279 M
988 3279 990 3285 f
1026 3231 1043 3278 6

44 3301 258 3374 eaodePuuly:
278 3301 346 3359 eade
367 3303 405 3356 M
476 3303 633 3358 rflunums
654 3301 692 3354 M
763 3305 794 3353 11
816 3314 929 3368 smyrne
948 3295 986 3350 M

45 3388 84 3437 per
115 3389 146 3428 ea
175 3375 225 3446 sig.
254 3391 320 3430 uos:
350 3376 562 3445 praengmfioet
590 3372 629 3426 M
653 3370 868 3442 praesignificat
898 3383 1044 3438 eynarram

46 3459 72 3496 m.
90 3449 108 3498 2
127 3448 316 3517 ammonuimus
333 3448 365 3501 in
382 3462 469 3516 moro.
488 3446 643 3513 adeaipeit.
723 3449 756 3497 13
775 3455 916 3511 oynayrae
936 3438 974 3491 M

48 3520 73 3568 16
94 3517 236 3574 mollitum
259 3517 360 3571 durum
380 3519 419 3572 M
525 3515 704 3574 181nolht1a
723 3513 761 3567 M
867 3516 900 3563 21
924 3525 952 3562 a:
972 3523 987 3560 e
1008 3506 1046 3558 Μ

110 3588 203 3655 quibus
220 3607 255 3644 ex
274 3588 339 3644 Aer.
360 3590 487 3645 additum
569 3585 664 3642 adlatis
685 3585 723 3638 M
801 3588 835 3636 23
854 3579 907 3633 ahs
927 3577 965 3630 M

50 3661 76 3708 25
92 3674 138 3711 cur
152 3661 236 3716 Aere:
255 3677 319 3716 eum
338 3662 376 3714 M
