2378 3934
345 133 418 189 one
436 133 483 202 IV,
502 141 518 190 a
539 137 567 190 ec
585 142 609 190 a.
902 132 984 212 Ι125

0 301 98 362 cant
117 290 231 372 abac
249 291 385 380 φάσαν
403 291 423 380 ἡ
441 292 612 379 πληθύς,
634 295 697 362 hoc
711 301 770 380 est,
782 302 820 363 ub
834 298 986 363 dicebant

0 389 84 452 lares.
178 386 222 451 53
246 389 284 450 te
307 385 436 450 decem
457 386 570 450 lauri.
619 384 682 452 hoc
706 387 746 451 ad
768 385 876 452 Iulum
899 386 985 452 dieii.

57 476 97 540 54
119 497 181 540 me
204 478 318 539 lener
342 475 471 540 soluel
500 475 661 540 uitulus.
721 475 848 541 soluel
876 475 985 542 debito

1 567 87 630 cilicet
108 565 186 629 uoti
208 564 361 648 suscepti.
451 565 492 630 57
521 564 655 630 fronte
683 567 865 629 curuatas
902 565 985 629 imi-

8 662 74 718 rlus
104 654 216 739 ignis
250 654 412 718 tertium
448 655 563 718 lunae
599 652 814 718 referentis
851 658 1013 719 orbums

8 744 113 829 nulum,
138 765 207 828 quo
232 745 347 806 uotum
371 743 534 808 soluturus
559 743 610 827 sil,
632 742 711 807 dicit
729 763 850 808 cornua
867 742 986 807 habere

1 835 78 896 «niae
110 833 215 896 lunae
244 831 477 916 comparabilia
503 831 536 895 id
564 833 627 896 est:
655 830 760 896 adhuc
786 853 898 915 parua.

1 927 20 983 111·
41 944 109 1004 qua
136 924 277 986 nolam
306 921 415 986 duxit
442 922 580 986 niueus
607 920 735 986 uideri
761 924 890 985 celera
911 920 987 985 ful-

1 1033 47 1074 us.
101 1010 232 1074 diserta
261 1011 294 1074 el
321 1010 453 1094 elegans
481 1009 630 1075 eloeubio.
686 1009 848 1094 signifioal
879 1013 988 1074 autem

7 1099 102 1162 iulum
124 1099 222 1163 hune
246 1099 355 1162 albam
376 1098 519 1164 fronlem
536 1102 667 1164 tantum
680 1098 809 1181 habere,
831 1097 867 1162 in
881 1103 987 1163 cetero
1002 1126 1028 1165 ιο

1 1209 97 1271 upore
120 1187 258 1252 fuluum
280 1185 316 1252 id
339 1191 389 1251 est
410 1188 518 1252 rufum
536 1208 614 1253 esse.

399 1362 470 1417 ona
489 1368 516 1431 4,
535 1369 560 1418 a.

55 1473 177 1548 Quem
204 1476 246 1536 lu
269 1472 510 1556 Melpomene
530 1473 647 1536 semel
666 1475 889 1536 nascentem
907 1471 989 1555 pla·

1 1563 52 1627 ilo
84 1563 245 1627 lumine
281 1561 437 1627 uideris.
504 1561 566 1624 hac
598 1554 669 1649 ᾳίὃῄ
702 1560 850 1626 adfirmat
882 1560 989 1624 studio

1 1654 108 1730 melicae
135 1651 290 1716 deditum
311 1650 393 1715 nulli
416 1671 511 1735 posse
534 1651 589 1714 alii
617 1651 664 1714 rei
695 1671 819 1714 uacare.
875 1648 990 1713 deinde
1005 1674 1030 1714 15

9 1761 98 1805 eorum
116 1741 299 1826 subiungit
316 1739 437 1804 laudes.
495 1740 517 1804 5
545 1761 659 1804 curru
678 1739 792 1804 ducel
819 1737 991 1804 Achaico

1 1829 15 1892 l
36 1835 89 1894 est:
120 1829 314 1914 quadrigali
343 1829 526 1894 certamine.
624 1828 644 1892 6
671 1827 799 1892 Deliis
821 1827 931 1891 foliis
959 1826 993 1890 id

1 1928 36 1982 zi:
62 1921 182 1984 laurea.
217 1940 346 1984 corona.
438 1918 480 1982 10
508 1918 574 1982 sed
601 1939 695 2002 quae
724 1917 842 1980 Tibur
871 1935 992 1999 aquae

1 2010 101 2074 uuile
126 2007 376 2093 praefluunt.
411 2007 541 2092 proprie
563 2007 626 2070 hoc
649 2007 690 2070 ad
714 2027 876 2070 secessum
898 2025 992 2068 suum

7 2098 108 2162 eluens
135 2097 224 2166 dicit
245 2095 412 2162 Horatius.
448 2096 562 2160 Tiburi
584 2095 671 2160 enim
691 2095 758 2160 fere
778 2093 880 2159 obium
899 2114 993 2156 suum
1007 2117 1033 2156 ro

6 2188 163 2252 orierebab
211 2185 319 2270 ibique
366 2185 509 2248 carmina
555 2183 787 2250 conscribebat.
854 2181 992 2247 Aeolio

1 2277 143 2340 armine
161 2277 276 2339 aulem
289 2275 337 2338 ila
351 2273 472 2339 dietum
486 2274 604 2357 accipe,
626 2277 663 2338 ul
686 2273 714 2338 si
737 2272 858 2336 diceret
880 2269 993 2355 ‘lyrico

2 2394 15 2421 ‹-
32 2364 135 2448 mine',
162 2364 244 2447 quia
266 2363 397 2447 quidam
420 2363 515 2447 lyrici
533 2366 570 2426 ui
583 2361 722 2428 Alcaeus
735 2360 870 2427 Aeolide
889 2362 993 2444 magis

1 2453 105 2518 ‘''alecbo
131 2453 193 2517 usi
216 2455 302 2516 suni.
395 2453 435 2517 13
458 2451 601 2517 Romae
628 2451 819 2536 principis
842 2449 994 2513 urbium

1 2547 165 2625 regnatur
193 2541 350 2606 suboles
373 2541 476 2605 incer
495 2540 680 2605 amabiles
699 2542 831 2603 uatum
848 2559 993 2622 ponere
1008 2561 1034 2602 25

3 2653 33 2692 ne
51 2633 209 2696 choros.
261 2630 406 2695 subolem
429 2630 584 2715 principis
607 2629 736 2694 urbium
753 2627 900 2691 Nerones
923 2626 996 2689 uulb

6 2721 133 2806 alzenagi,
171 2740 255 2803 quos
286 2717 455 2804 Augustus
487 2719 656 2803 priuignos
689 2717 810 2800 alioqui
845 2719 883 2779 ut
919 2735 994 2778 suos

1 2807 46 2873 *uo
65 2811 219 2876 filiorum
242 2808 407 2893 diligebat.
499 2808 539 2872 16
568 2811 606 2871 eb
632 2807 707 2870 iam
734 2807 848 2870 denia
870 2803 995 2868 minus

23 2899 155 2964 ordeor
181 2897 327 2962 inuido.
355 2896 426 2961 ¹hoc
448 2897 595 2981 intellegi
618 2896 689 2959 uul’c
712 2896 751 2959 de
775 2916 820 2979 se,
841 2892 926 2980 quod
950 2892 997 2956 air

1 2989 212 3052 sallustius:
237 2984 372 3050 Gloria
394 2985 583 3050 inuidiam
605 2984 750 3050 uicisti.
833 2984 872 3047 17
898 3004 917 3047 o
940 2985 995 3046 le·
1010 3005 1036 3046 ao

50 3188 80 3236 30
98 3183 164 3252 lug.
188 3187 229 3248 10,
249 3185 264 3232 2

51 3367 64 3413 2
82 3361 167 3415 ulum
189 3358 228 3412 M
324 3363 341 3411 4
358 3357 456 3412 fronde
475 3358 608 3411 curuatus
628 3399 633 3410 .
654 3397 660 3411 .
680 3355 795 3409 basinum
813 3355 944 3406 lucernae
964 3395 970 3406 .
991 3396 999 3408 .

8 3444 74 3484 uuum
93 3433 135 3485 M
208 3428 409 3498 comporabrlra
429 3429 466 3482 M
542 3433 574 3481 10
593 3427 686 3480 cluens
706 3427 744 3478 M
824 3430 856 3477 11
876 3421 999 3477 rumfum

10 3499 28 3550 ll
99 3510 134 3556 14
154 3517 270 3556 numme
290 3501 328 3553 M
397 3499 521 3554 studium
541 3499 579 3550 M
650 3503 682 3550 19
701 3510 832 3566 propnae
850 3499 875 3547 et
893 3509 998 3547 saeces·

10 3588 47 3624 nn
64 3575 99 3628 M
155 3581 190 3628 21
210 3571 373 3628 conterebat
390 3587 453 3625 uos:
472 3569 633 3624 conferebat
652 3567 690 3620 M
747 3571 780 3620 23
800 3565 893 3618 alceus
913 3563 997 3617 aeolr·

10 3641 42 3695 lae
58 3647 91 3698 M
156 3651 191 3700 26
210 3659 342 3702 neronem
358 3643 395 3696 M
461 3647 493 3694 21
514 3640 627 3708 augusti
647 3637 685 3690 M
754 3633 879 3702 alioquin
898 3648 998 3696 ειιοες
