2416 3934
429 124 502 178 ona
521 125 568 194 nr,
589 131 613 180 a.
992 131 1033 195 81

43 287 89 350 loc
109 290 167 352 cst:
187 288 353 369 pascendo
382 289 653 374 supergrediatur.
745 291 787 354 41
818 295 855 356 11
883 294 1035 359 catulos

41 375 127 439 ferae
148 377 275 441 celent
296 378 466 458 inultae..
500 379 602 462 perite
623 379 783 464 ostendit,
807 403 905 465 quam
928 383 1034 447 deser·

41 471 91 528 tan
112 486 178 530 esse
199 467 283 530 uelit
304 466 443 532 Troiam.
511 467 555 532 45
578 467 772 532 horrenda
794 471 872 534 late
895 493 1034 536 nomen

39 557 67 616 in
85 554 246 620 ultimas.
306 577 374 622 non
401 559 592 641 perpetuum
625 557 792 641 epitheton
827 558 1034 625 ‘horrendam

39 642 167 708 Romam'
200 645 292 728 dicit,
325 644 381 710 sed
411 645 560 710 barbaris
592 645 796 712 horrendam.
886 649 930 712 46
961 671 1060 733 quaa

38 733 162 797 medius
184 735 315 817 liquor
344 736 514 800 secernit
536 733 719 821 Europen
747 735 793 800 ab
815 734 921 802 Afro.
972 735 1033 802 Ga·

38 822 163 886 titanum
186 845 278 890 mare
301 833 328 888 et
348 824 470 888 fretum
493 824 669 909 significat,
692 825 768 890 inde
788 825 875 889 enim
893 826 1034 892 discerni

38 911 326 996 incipiuntEuropa
348 917 381 977 et
397 911 512 998 Libya.
571 914 615 978 48
639 935 712 997 qua
734 913 904 979 tumidus
927 916 1034 1001 rigat

37 1023 108 1064 arua
127 999 254 1065 Nilus.
290 1023 360 1066 non
382 1023 510 1087 semper
532 1002 684 1086 tumidus,
708 1003 764 1067 sed
787 1006 867 1068 tunc
889 1005 1032 1070 tumidus

37 1112 90 1152 eum
111 1089 208 1174 rigat.
267 1089 311 1154 49
336 1100 474 1156 aurum'
490 1092 728 1177 inrepertum
754 1092 869 1156 etsie
893 1094 1030 1159 melius
1047 1117 1072 1155 10

35 1179 129 1242 situm
160 1201 244 1244 cum
271 1183 372 1244 terra
400 1181 502 1244 celat
530 1199 713 1265 spernere
736 1181 891 1246 fortior.
950 1183 1032 1248 bene

35 1289 127 1332 aurum
149 1269 265 1333 utilius
289 1269 336 1332 ait
352 1291 422 1334 esse
441 1270 631 1354 priusquam
645 1270 684 1334 de
699 1271 839 1334 metallis
854 1270 1033 1358 effodiatur,

35 1357 170 1438 quoniam
188 1357 344 1423 effossum
363 1380 477 1425 causas
499 1362 645 1443 praestat
667 1359 823 1424 auaritiae
846 1381 884 1424 ac
907 1361 1032 1425 sceleri-

35 1445 87 1530 bus,
113 1448 276 1532 populum
304 1451 413 1512 autem
440 1447 625 1512 Romanum
653 1447 700 1512 ait
730 1448 1032 1514 constantissimum

35 1555 125 1600 aurum
155 1541 378 1621 contemnere,
407 1540 439 1601 et
466 1538 581 1603 merito
611 1537 765 1622 quoniam
795 1537 881 1622 apud
904 1541 1030 1604 ueteres
1045 1560 1071 1600 15

34 1628 188 1707 paupertas
212 1627 319 1712 magis
342 1627 377 1690 in
400 1626 524 1691 honore
548 1629 618 1690 erat
641 1648 739 1710 quam
762 1626 903 1690 diuitiae.
987 1627 1030 1694 52

35 1734 119 1777 aune
144 1736 298 1779 sacrum
321 1715 499 1798 rapiente
523 1715 666 1780 dextra.
710 1736 778 1779 non
798 1714 1032 1782 ‘Romanorum

34 1801 144 1887 lextra,
171 1804 229 1868 sed
252 1826 361 1868 eorum
385 1803 440 1888 qui
454 1808 577 1890 cogunt
591 1825 707 1868 aurum
719 1803 755 1867 in
769 1827 847 1870 usus
862 1803 1032 1870 humanos.

32 1892 213 1956 extrinsecus
242 1898 351 1958 autem
378 1893 432 1958 hic
461 1892 648 1976 accipienda
676 1915 740 1958 uox
768 1897 818 1957 cst
841 1891 972 1979 ‘etiam',
994 1898 1031 1959 ut

31 1979 191 2045 1111111111
217 2003 344 2046 sacrum
367 1983 514 2066 rapiente
538 1982 658 2047 dextra.
733 1981 777 2046 54
809 1982 934 2046 uisere
968 2003 1030 2066 ge·
1044 2005 1070 2044 ao

32 2069 132 2134 dien-s
160 2092 235 2155 qua
257 2075 368 2156 parte
388 2071 679 2136 debacchentur
697 2071 817 2156 ignes.
855 2071 1030 2138 australem

31 2159 176 2224 cardinem
191 2160 364 2244 siguificat,
378 2161 433 2245 qui
447 2164 497 2225 est
515 2160 781 2226 torrentissimus.
828 2160 869 2224 61
891 2159 1029 2226 Troiae

32 2267 221 2314 renascens
242 2250 335 2314 alite
354 2249 509 2336 lugubri
529 2249 691 2314 fortuna
708 2248 816 2313 tristi
835 2248 942 2313 clade
956 2249 1029 2313 ite-

31 2337 172 2404 rabitur.
210 2338 290 2403 ordo
315 2342 347 2403 et
370 2361 498 2404 sensus:
521 2339 656 2404 fortuna
669 2338 783 2403 Troiae
803 2337 879 2402 alite
899 2337 1030 2424 lugubri

32 2424 51 2486 il
74 2429 120 2490 est
148 2428 237 2492 malo
267 2428 410 2512 auspicio
438 2449 612 2492 renascens
640 2427 756 2491 iterato
780 2427 903 2491 excidio
927 2426 1069 2492 cadetis

32 2511 66 2578 hic
93 2518 204 2581 autem
236 2539 350 2583 seusus
379 2517 455 2582 inde
486 2519 661 2601 conceptus
691 2519 753 2600 est,
781 2515 867 2600 quod
894 2515 1028 2580 Flauius

32 2600 156 2668 limbria
189 2606 319 2691 legatus
352 2603 476 2671 Cinnae
512 2603 610 2669 Ilium
646 2605 847 2689 temporibus
886 2603 1029 2686 Syllanis

33 2695 218 2779 oppugnauit
259 2715 296 2759 ac
338 2694 450 2779 diruit,
490 2715 587 2778 quem
627 2715 702 2758 mox
738 2692 853 2758 seditio
889 2692 1029 2756 militum

33 2783 137 2848 occidit.
230 2784 273 2848 69
301 2805 378 2848 non
399 2783 471 2849 hoc
494 2785 650 2850 iocosae
674 2781 882 2846 conueniet
905 2781 1028 2864 lyrae:

33 2890 84 2950 quo
114 2873 225 2937 Musa
259 2873 396 2937 tendis.
454 2894 542 2937 nunc
574 2871 625 2936 his
658 2870 766 2936 uerbis
797 2873 895 2955 poeta
922 2869 963 2934 ad
993 2891 1068 2934 seco

33 2981 187 3028 conuersus
204 2962 251 3026 ait
264 2983 333 3027 non
356 2983 389 3026 se
408 2965 495 3026 recte
517 2961 634 3045 facere,
657 2959 743 3044 quod
756 2959 861 3043 lyrico
877 2959 1028 3044 carmine,

33 3049 68 3110 cui
82 3051 191 3117 iocosa
205 3051 413 3135 conueniant,
433 3051 595 3115 seueriore
608 3050 769 3133 loquatur.
831 3049 873 3113 70
895 3048 1027 3112 desine

33 3141 194 3217 peruicax
217 3139 366 3204 referre
397 3161 592 3205 sermones
621 3138 785 3203 deorum.
843 3137 1028 3221 peruicax

87 3361 100 3405 1
120 3353 230 3407 eatrllos
248 3351 322 3423 ferre
343 3351 381 3404 M
459 3356 477 3404 4
494 3352 631 3420 perpetuo
651 3348 777 3419 epitheto
796 3365 814 3415 ς
896 3353 911 3400 7
931 3349 960 3402 11
979 3347 1026 3400 ad-

35 3421 88 3474 didi:
106 3439 154 3478 orn.
174 3425 220 3490 M,
237 3439 317 3478 mare
336 3439 423 3490 ouag
466 3423 468 3427 “
505 3427 656 3476 13111111
674 3435 738 3474 ooo:
757 3420 854 3473 causat
873 3418 912 3470 M
925 3487 931 3498 1
992 3422 1025 3469 11

36 3489 214 3550 abacehentur
233 3495 274 3548 M
340 3494 515 3563 25ausp1tro
536 3491 574 3546 M
643 3505 790 3546 renascens
810 3488 905 3556 Pauly
922 3485 1025 3540 iterato

37 3562 153 3621 uaaau:
169 3567 330 3624 renascenti
347 3567 452 3621 iterata
471 3564 510 3618 M
593 3561 749 3616 1111111111
769 3560 808 3613 Μ
891 3563 924 3610 31
944 3556 1024 3608 hnco

38 3649 133 3691 1111111111
149 3639 186 3692 Μ

75 3744 227 3789 ΡΘῙΡῙΠΒῙΟΕ.

795 3723 810 3768 6
