2378 3934
157 192 224 256 266
466 191 588 247 suano
606 193 640 261 Π,
661 197 685 260 r,
706 197 801 261 rs-a,
823 198 865 248 13.

157 358 278 440 putes.
336 353 409 420 ideo
440 354 502 420 hoc
534 354 593 438 ait,
625 355 701 438 quia
732 354 834 418 ferme
867 355 963 419 citius
993 355 1160 421 moriuntur

160 444 258 527 serui,
284 443 340 527 qui
366 443 454 528 frugi
481 446 565 508 sunt.
658 442 698 507 17
728 444 905 508 mitteret
930 444 970 508 in
997 443 1160 528 phimum.

159 533 342 617 phimum:
366 531 452 615 quod
475 551 535 596 nos
548 531 700 596 fritillum
714 531 861 616 dicimus,
883 533 998 616 inquo
1013 533 1161 598 coniectae

159 627 300 688 tesserae
324 620 530 706 agitatusque
556 621 740 685 mittuntur.
831 620 876 685 25
902 620 1007 705 quod
1035 621 1162 685 clamas

132 709 305 775 erectius
337 730 429 774 esse.
484 709 563 773 duas
594 730 708 773 causae
736 709 885 774 inscitiae
912 710 1098 793 proposuit,
1121 711 1164 773 uel

161 799 237 884 quia
262 801 386 864 rectum
413 797 504 862 uides
531 801 564 861 et
586 819 655 862 non
681 797 858 883 intellegis,
885 798 940 862 uel
967 798 1047 882 quia
1067 798 1102 862 in
1122 799 1165 861 de-

159 887 322 952 fendendo
349 888 473 952 rectum
500 907 568 951 non
595 907 630 950 es
659 886 780 950 firmus.
862 887 905 952 28
936 885 1082 951 Romae
1112 909 1165 950 rus

161 979 282 1059 optas.
314 974 395 1041 etin
409 975 621 1060 epistularum
638 975 743 1060 primo
758 974 900 1039 Romae
920 975 1045 1040 Tibur
1063 997 1165 1040 amem

161 1066 347 1128 uenturus
375 1062 517 1128 Tibure
539 1063 705 1128 Romam.
773 1063 817 1128 35
840 1083 979 1149 magno
1005 1064 1166 1130 blateras

122 1153 327 1218 reclamore
358 1151 543 1236 furisque.
602 1152 790 1216 blateras:
827 1153 929 1217 latras
965 1153 1025 1217 uel
1060 1151 1166 1217 furiose

162 1243 291 1306 clamas.
367 1241 409 1305 37
440 1241 581 1305 dixerit
607 1240 685 1305 ille.
734 1241 797 1305 hoc
821 1261 935 1306 seruus
959 1241 1041 1307 dicit
1063 1241 1117 1305 sed
1137 1263 1167 1304 ex

162 1329 291 1396 Horatii
313 1351 461 1413 persona.
543 1330 585 1394 38
614 1329 701 1394 duci
728 1333 866 1394 uentre
888 1329 1017 1395 leuem
1033 1349 1166 1394 nasum.

162 1440 295 1484 nasum
323 1439 384 1502 pro
408 1419 549 1484 derisore
571 1419 694 1502 posuit,
716 1419 864 1483 nidorem
887 1441 947 1503 pro
967 1420 1052 1503 risu,
1069 1441 1093 1482 a
1114 1439 1165 1501 quo

162 1507 298 1572 uerbum
327 1507 365 1570 fit
393 1504 558 1572 ε555515οἱ
607 1507 761 1591 supino:
789 1507 932 1572 fastidio.
1021 1507 1065 1574 58
1092 1506 1167 1590 quid

124 1596 286 1660 rerefert
307 1595 368 1659 uri
390 1596 522 1680 uirgis.
575 1596 638 1661 hoc
660 1595 711 1661 ius
734 1597 770 1660 in
793 1596 1011 1681 gladiatorem
1034 1599 1083 1660 est
1103 1617 1166 1659 eou-

164 1685 323 1749 stitutum.
403 1684 448 1749 64
479 1689 664 1770 peccatne
697 1707 873 1771 superne:
907 1686 1000 1770 quasi
1036 1683 1167 1769 superior

162 1776 283 1858 peccat
375 1774 417 1838 72
445 1795 522 1838 non
549 1793 630 1839 sum
657 1774 839 1841 moechus
867 1775 934 1839 ais.
988 1773 1046 1838 hic
1069 1794 1165 1838 sensus

164 1865 227 1926 est:
255 1883 324 1926 non
351 1883 385 1926 es
409 1862 562 1928 moechus
586 1883 654 1940 non
675 1863 780 1948 magis
803 1884 902 1947 quam
925 1884 986 1948 ego
1010 1863 1079 1946 fur,
1104 1861 1165 1945 quia

164 1955 201 2016 ut
223 1951 277 2016 fur
299 1971 367 2016 non
389 1951 450 2016 sim
473 1954 571 2036 metu,
593 1973 662 2016 non
683 1953 853 2017 uoluntate
877 1973 985 2037 cogor.
1054 1950 1096 2016 95
1116 1949 1164 2012 uel

124 2063 152 2103 so
166 2061 248 2104 cum
274 2040 471 2106 Pausiaca.
525 2039 658 2105 Pausias
689 2041 795 2124 pictor
826 2039 947 2106 nobilis
979 2040 1054 2106 tue
1132 2037 1163 2100 9ῑ

159 2131 231 2207 555
270 2127 513 2194 Placideiani
559 2133 755 2195 contento.
823 2130 939 2214 optimi
983 2129 1165 2214 gladiatores

164 2216 305 2281 fuerunt.
389 2218 452 2282 102
484 2218 584 2283 nihil
617 2239 687 2304 ego
720 2220 752 2284 si
785 2218 913 2284 ducor.
959 2239 1088 2284 sensus:
1117 2234 1165 2298 ego

165 2305 248 2368 nihil
271 2303 360 2370 dicor
377 2306 410 2370 id
429 2309 479 2371 est
502 2307 622 2374 nullius
644 2307 750 2393 pretii,
774 2308 802 2373 si
815 2306 918 2372 libum
932 2308 1063 2391 adpeto.
1115 2302 1166 2367 103

165 2398 339 2476 responsat:
362 2397 518 2480 utsupra
540 2417 769 2481 responsare
793 2396 1053 2480 cupidinibus.
1114 2391 1165 2456 104

126 2505 153 2548 ss
168 2483 394 2568 obsequium
416 2486 569 2550 uentris
592 2485 693 2550 mihi.
751 2485 976 2570 percontatiu'e
998 2482 1166 2572 legendum.

569 2641 690 2698 suano
711 2649 736 2712 a,
755 2649 781 2698 e.

255 2749 306 2815 Ut
328 2748 543 2818 Nasidieni.
586 2751 672 2816 hano
696 2751 737 2816 ad
759 2750 966 2816 Fundanium
985 2751 1102 2816 scribit.
1148 2745 1163 2806 6

166 2840 247 2904 leni
273 2839 351 2903 fuit
379 2839 533 2906 Austro.
578 2840 640 2906 hoc
662 2841 744 2925 ideo,
768 2841 845 2924 quia
868 2839 1042 2904 adfirmant
1063 2839 1165 2902 lassam

168 2949 299 2994 carnem
322 2928 392 3010 apri
415 2930 448 2996 id
472 2933 521 2996 est
542 2929 722 3012 requietum
743 2928 910 2994 meliorem
932 2949 1012 2993 esse.
1079 2925 1097 2990 8
1117 2943 1163 2986 ra·

127 3043 154 3085 so
168 3017 261 3103 pule
282 3016 466 3083 lactucae.
512 3021 628 3084 neutro
657 3037 774 3103 genere
798 3017 879 3082 dixit
899 3038 959 3100 pro
982 3037 1070 3100 rapa.
1132 3008 1162 3072 13

167 3111 210 3172 ut
231 3103 365 3170 Attica
388 3107 508 3193 uirgo.
554 3107 627 3172 illas
647 3107 733 3192 dicit,
756 3129 836 3190 quas
856 3106 1007 3171 Tullius
1031 3105 1066 3168 in
1086 3099 1163 3166 Uer-

240 3269 256 3319 e
276 3281 319 3333 ep.
340 3270 365 3330 1,
385 3271 409 3333 a,
430 3272 463 3320 12
537 3271 571 3319 54
590 3283 616 3318 u.
636 3271 670 3320 ss
743 3271 777 3319 ar
796 3264 858 3318 Act.
877 3263 912 3332 Π,
931 3268 956 3331 4,
976 3267 992 3316 5

240 3403 375 3457 annium
395 3405 433 3458 M
449 3406 492 3460 bis
590 3411 606 3460 8
625 3405 741 3460 tiburim
759 3406 893 3459 uenturus
913 3405 951 3458 M
1046 3409 1078 3458 14
1092 3399 1161 3455 uerbss

171 3473 210 3526 M
267 3471 432 3528 vfastidioso?
497 3475 828 3544 1ercferturu1rg1sM
881 3479 913 3530 17
933 3476 974 3529 ert
988 3475 1027 3528 M
1077 3479 1106 3528 18
1117 3483 1162 3524 uon

169 3538 262 3608 magis
279 3555 366 3606 quam
384 3565 418 3588 ει
438 3545 537 3600 eadem
554 3545 663 3600 rabone
683 3563 739 3616 qus
833 3551 867 3600 20
884 3559 1000 3615 pausus
1019 3545 1058 3598 M
1137 3544 1161 3591 21

171 3606 329 3676 pandoram
348 3610 387 3662 M
473 3621 508 3668 22
527 3614 563 3668 si:
581 3632 611 3670 se
631 3615 669 3668 M
757 3623 790 3670 23
810 3615 899 3670 dicor:
919 3616 1005 3670 ducor
1024 3613 1061 3670 M
1137 3613 1163 3662 24

171 3675 318 3742 responsat
335 3678 442 3734 addicti.
460 3685 513 3736 seb.
532 3687 784 3754 u.103postsob.
803 3703 831 3740 a.
850 3691 904 3742 104
923 3687 955 3740 ia
975 3685 1013 3739 M
1028 3703 1046 3754 ς
