2426 3934
182 136 248 200 304
497 130 677 187 annuum
695 131 717 198 1,
738 137 780 198 19,
800 135 898 185 7—15.

183 297 299 362 dicitur
331 295 450 360 stultae
482 291 710 376 persuasionis.
765 293 878 374 pater
910 295 1019 356 autem
1055 290 1190 358 Ennius

183 385 269 468 ideo,
301 383 389 469 quod
419 383 489 466 ipse
519 382 644 465 primns
667 379 860 446 Latinorum
884 380 926 444 ad
947 380 1071 446 heroici
1094 402 1191 446 uersus

184 473 400 538 imitationem
424 469 645 554 adspirauerit.
729 470 747 531 Ἰ
786 469 834 532 ad
871 491 990 534 arma:
1029 469 1072 532 ad
1107 469 1193 535 libros

184 561 406 643 Annalium,
442 581 523 643 quos
556 557 683 622 Ennius
717 557 856 640 scripsit.
927 557 1107 622 Sturum.
1148 581 1194 642 pu·

157 650 291 714 storum
314 648 493 714 causidicos
516 648 550 710 et
570 646 648 710 iuris
672 646 840 710 consultos
855 646 1030 731 significat.
1100 647 1119 711 8
1141 669 1195 730 pu·

187 738 342 822 tealque
373 735 542 803 Libonis.
586 755 645 817 per
667 735 780 818 puteal
801 739 987 816 praetorem
1010 757 1049 800 ac
1073 734 1195 798 iudicem

187 827 356 910 significat.
402 825 513 909 puteal
543 826 652 888 autem
674 821 811 886 Libonis
845 823 937 888 sedes
965 822 1126 906 praetoris
1147 822 1197 886 fuit

185 935 288 999 prope
319 935 429 977 arcum
450 911 632 976 Fabianum
665 910 800 993 dictum,
835 911 923 994 quod
954 909 1123 976 ahibone
1144 911 1196 974 illic

187 1003 327 1086 primum
348 1000 493 1065 tribunal
515 1005 548 1064 at
565 999 718 1064 subsellia
740 999 899 1064 collocata
917 1003 1003 1064 sunt.
1067 1000 1088 1064 9
1111 1022 1196 1064 man-

149 1089 287 1156 rodabo
312 1089 440 1154 siccis:
464 1088 581 1154 sobriis
595 1087 731 1168 tradam.
818 1087 839 1152 9
864 1089 1030 1153 adimam
1055 1093 1197 1153 cantare

190 1178 347 1243 seueris.
392 1181 429 1241 ut
451 1178 598 1262 ineptum
621 1179 679 1260 est,
701 1177 818 1260 inquit,
840 1178 921 1243 iareb
944 1177 1123 1242 motionem
1145 1199 1197 1241 non

190 1289 210 1330 a
233 1266 350 1331 sobriis
373 1267 451 1353 geri,
474 1267 520 1331 sic
544 1265 719 1330 absurdum
743 1267 794 1328 est
817 1269 949 1330 cantare
963 1267 1103 1332 ieiunos.
1168 1267 1197 1328 lo

189 1355 261 1419 hoc
293 1355 406 1419 simul
438 1355 540 1419 edixi
561 1375 638 1418 non
661 1374 865 1418 cessauere
887 1359 1037 1438 poetae.
1104 1356 1198 1418 statim

190 1447 227 1507 ut
248 1445 320 1528 hoc,
342 1443 457 1528 inquit,
479 1443 628 1508 omnibus
647 1442 722 1525 dixi,
745 1443 847 1507 secuti
865 1443 957 1507 stulti
973 1448 1052 1510 sunt
1066 1445 1198 1509 ironiam.

152 1559 178 1598 15
283 1532 322 1595 11
361 1535 552 1597 nocturno
583 1535 732 1595 certare
756 1551 858 1595 mero
885 1530 948 1596 hoc
972 1535 1036 1598 cst:
1069 1533 1135 1598 dies
1156 1554 1201 1594 no·

193 1623 322 1705 ctesque
340 1623 461 1703 potare.
515 1619 555 1684 12
574 1619 663 1704 quid
687 1621 719 1684 si
742 1619 828 1704 quis
851 1621 961 1684 uultu
984 1624 1115 1686 toruo:
1138 1620 1200 1704 quid

193 1709 221 1772 si
244 1707 357 1791 aliqui,
384 1707 506 1792 inquit,
534 1711 660 1771 uestem
687 1707 878 1792 uultumque
902 1706 1039 1774 Catonis
1064 1711 1200 1775 imitehu.

195 1795 353 1881 numquid
385 1796 539 1861 continuo
572 1795 670 1860 etiam
701 1796 879 1860 uirtutibus
912 1795 994 1862 (lato
1030 1798 1097 1863 sit?
1170 1797 1200 1860 13

194 1885 432 1970 exiguaeque
473 1889 590 1971 togae
627 1885 783 1950 simulet
818 1889 842 1949 t.
870 1907 896 1948 c.
923 1887 1145 1971 metonymia:
1175 1885 1201 1947 id

154 1999 181 2039 so
195 1975 281 2059 quod
303 1974 422 2058 fitpro
455 1995 493 2040 eo
524 1974 579 2059 qui
610 1973 697 2039 facit.
791 1974 833 2038 15
864 1975 971 2059 rupit
998 1975 1201 2040 Iarbuthan

195 2061 230 2126 Τ.
267 2064 449 2146 exemplum
482 2063 573 2128 stulti
605 2061 778 2126 imitatoris
811 2062 1014 2147 interposuit.
1062 2086 1140 2128 nam
1159 2063 1201 2126 hic

194 2149 351 2214 Iarbutha
382 2151 515 2216 Maurus
545 2151 636 2236 regio
668 2170 786 2236 genere
818 2152 880 2216 fuit
902 2155 1007 2236 ortus,
1041 2153 1112 2238 qui,
1140 2152 1200 2215 dun

196 2236 399 2322 Timaginem
428 2240 574 2305 imitatur
606 2242 681 2323 post
712 2240 898 2304 conuiuium
931 2245 964 2304 et
989 2241 1079 2306 inter
1102 2240 1202 2326 pocula

197 2325 439 2411 declamantem,
461 2333 595 2412 propter
616 2328 824 2392 insolentiam
846 2328 986 2393 faciendi
1009 2330 1099 2414 quod
1121 2351 1202 2394 cona-

158 2439 184 2480 es
197 2415 294 2480 batur
316 2415 386 2499 ipse
409 2415 556 2501 diruptus
580 2420 639 2481 est.
685 2416 740 2480 alii
755 2415 959 2502 Timaginem
972 2417 1085 2484 ferunt
1098 2419 1204 2482 multos

199 2499 402 2590 [conabatur]
428 2505 579 2573 adhibere
603 2506 733 2570 solitum
757 2508 790 2569 et
813 2525 910 2569 cenae
934 2509 967 2570 et
990 2505 1205 2572 declamationi

200 2615 277 2658 suae
286 2593 424 2680 dumque
448 2594 496 2672 ab¹
512 2595 564 2659 his
588 2595 725 2660 multum
748 2594 914 2679 laudatur,
938 2595 979 2659 ad
1000 2595 1204 2662 imitationem

200 2683 250 2747 sui
272 2704 464 2766 prouocasee
486 2683 674 2767 Iarbuthan,
698 2683 753 2768 qui
777 2683 839 2747 sibi
862 2686 895 2747 et
917 2684 1085 2750 stomacho
1103 2703 1204 2768 suppe-

272 2809 288 2857 5
321 2819 398 2858 oansr
426 2804 631 2860 d1cus8c1ur1s
659 2803 786 2860 consulto
815 2803 907 2874 sigml.
938 2805 975 2858 M
1046 2813 1064 2860 6
1088 2821 1144 2875 que
1161 2821 1201 2857 our.

202 2873 240 2924 M
293 2874 403 2930 taedis
423 2876 461 2929 M
514 2875 630 2946 8<sic>
648 2875 772 2930 dictum?
827 2875 1021 2932 9mandabo:
1046 2877 1125 2930 amat
1142 2875 1205 2928 dabo

203 2942 241 2996 Μ
295 2950 328 2998 10
345 2961 433 3002 imam
453 2947 491 3002 M
544 2953 676 3001 lemnos
696 2947 734 3000 M
787 2951 820 3000 14
839 2945 897 3000 dixi
915 2947 1004 3001 secuti
1023 2947 1052 3002 0.
1071 2947 1204 3000 Heronio

201 3015 279 3081 apasd
296 3015 440 3074 florebat:
459 3019 561 3075 drxrsse
579 3020 622 3072 nti
642 3018 679 3071 M
751 3023 784 3070 14
807 3015 928 3072 ironiam
945 3033 1009 3072 uos:
1027 3018 1160 3087 heropam
1178 3017 1205 3068 ll

274 3092 307 3140 19
327 3103 381 3156 que
399 3091 509 3146 om.M
560 3089 777 3144 srm.da.t.c.M
812 3089 1206 3157 thiabocscbob'oqaucipa

201 3157 311 3212 correxi
326 3161 650 3229 repausamus-imam
666 3164 774 3228 mnam
791 3160 829 3213 eis
846 3173 916 3228 quoae
938 3159 971 3214 dc
989 3160 1103 3214 Iorbstu
1123 3159 1205 3212 Timo·

200 3229 279 3290 oecis
308 3231 473 3286 manare
495 3233 602 3300 cfflcdit
617 3231 751 3286 Weichcrt
770 3231 845 3284 Post.
864 3229 929 3284 Lat.
947 3229 1006 3285 mcc.
1021 3247 1053 3299 p.
1072 3234 1206 3284 391-4t'd

275 3305 313 3353 22·
327 3298 469 3356 barbutha
488 3304 532 3358 M*
577 3302 657 3372 regio
669 3318 770 3372 genere
783 3316 848 3356 noo.-
864 3316 987 3370 regrone
1004 3317 1050 3356 me
1069 3301 1107 3354 M
1140 3303 1206 3353 ortu

202 3369 384 3424 coacescis
404 3373 442 3424 M
459 3371 565 3427 Cordus
583 3375 627 3428 ad
645 3371 751 3427 Codrus
771 3391 788 3440 ς
860 3372 1127 3442 qurdamrmagmem
1144 3371 1180 3424 M

204 3435 241 3488 25
268 3438 318 3491 alii
342 3439 520 3510 Timaginem
546 3443 641 3497 ferunt
666 3457 729 3496 noe:
756 3459 853 3514 magni
870 3445 953 3498 erant
971 3443 1009 3496 M
1078 3449 1111 3498 26
1130 3455 1206 3508 eneae

205 3498 244 3554 M
296 3507 500 3565 declamatione
520 3514 558 3566 M
623 3519 656 3568 27
676 3514 870 3568 abrmrtatroue
890 3514 930 3568 M
1006 3519 1044 3568 28
1058 3513 1201 3568 barbuthsn

204 3565 368 3706 ffigenbaffi
386 3595 450 3632 uos.-
478 3599 527 3648 qu1
551 3599 579 3636 se
598 3584 621 3636 dt
639 3583 785 3638 stomacho
803 3586 916 3654 suppa&
933 3584 1061 3655 mmm
1078 3583 1143 3637 pum
1161 3582 1207 3635 pst,
