2378 3934
169 106 231 174 130
539 85 616 163 oua
630 109 677 178 iv,
690 116 713 164 v5
732 112 761 164 a
780 117 804 164 ⁶.

165 295 290 356 poena
326 272 465 356 premit
500 293 632 336 comes.
669 273 763 356 mire,
795 294 915 356 comes,
956 273 1073 357 inquit,
1107 273 1163 335 eul-

166 383 226 446 pae
249 382 356 445 poena
379 383 437 428 sua
460 364 522 443 est,
553 361 587 424 id
617 365 666 424 est
691 360 770 426 ‘non
787 361 962 426 *differetur
985 381 1090 444 poena
1115 383 1165 424 sua

168 448 451 534 delinquentibus',
479 470 537 534 per
560 450 645 532 quod
669 451 831 535 significat
852 450 934 514 nihil
958 450 1097 534 gratiose
1117 455 1165 512 aut

169 541 381 625 neglegenter
402 539 481 603 fieri.
571 539 614 604 30
642 542 680 604 et
702 540 820 604 uitem
843 539 979 604 uideas
1003 539 1108 602 ducit
1128 539 1165 600 ad

141 629 336 694 sarbores.
395 628 538 692 suauitei·
567 629 768 710 [etluiduas
797 628 927 694 arbores
956 627 1049 710 dixit,
1076 627 1165 710 prius-

170 741 266 802 quam
293 718 377 782 uites
405 717 573 782 adiunctas
595 718 752 802 habeant,
776 717 852 801 quia
874 740 946 782 cuin
969 715 1092 780 habent
1112 737 1167 778 ma-

169 807 261 871 ritari
280 807 431 872 dicuntur
450 829 469 870 a
486 807 624 871 rusticis.
690 807 731 871 31
757 810 795 871 et
817 807 954 872 alteris
976 810 1014 870 te
1037 804 1166 870 mensis

169 896 329 961 adhibet
361 895 470 960 deum
506 894 540 960 id
576 899 637 960 est:
670 896 819 962 secundis
849 897 978 961 mensis
1070 895 1110 958 36
1139 899 1168 955 ct

171 985 301 1069 magni
328 1007 468 1049 memor
494 984 673 1049 Herculis
706 1007 829 1050 memor
852 985 1082 1050 beneficiorum
1112 982 1169 1045 eius

134 1093 212 1138 1oac
235 1073 475 1158 magnitudinis
565 1075 607 1139 39
635 1073 796 1138 dicimus
826 1074 933 1138 uuidi
955 1073 989 1137 id
1013 1075 1077 1136 est:
1111 1071 1169 1154 poti

174 1166 270 1246 atque
293 1162 422 1227 madidi.

598 1319 671 1376 omi
683 1327 716 1390 4,
737 1329 761 1376 c.

261 1429 358 1495 Diue
377 1452 486 1516 quem
504 1431 634 1514 proles
652 1429 802 1496 Niobea
820 1451 990 1516 magnae.
1019 1429 1100 1494 haec
1113 1420 1171 1515 uidi]

173 1521 331 1604 hymnum
344 1519 505 1603 Apollinis
520 1521 673 1603 continet,
697 1543 761 1604 qua
775 1519 981 1584 commendat
998 1519 1030 1582 ei
1044 1517 1173 1582 carmina

137 1635 164 1675 is
178 1611 283 1674 suaet
297 1608 393 1672 simul
407 1608 592 1692 adloquitur
605 1631 723 1692 pueros
737 1609 933 1695 puellasque,
956 1629 1038 1692 quos
1058 1627 1172 1671 carmen

180 1697 341 1762 saeculare
365 1696 467 1760 docet.
526 1697 546 1761 3
575 1702 613 1762 et
631 1697 769 1764 Troiae
793 1719 910 1782 prope
933 1697 1062 1761 uictor
1085 1697 1171 1758 altae

176 1787 210 1850 id
238 1788 301 1850 est:
327 1807 430 1869 paene
462 1786 576 1850 uictor.
634 1787 697 1852 hoe
725 1790 833 1862 autem
860 1787 902 1850 ad
928 1785 1008 1850 illud
1039 1785 1173 1868 pertinet

178 1875 264 1960 quod
287 1873 411 1940 dicatur
428 1873 521 1938 Paris
543 1877 580 1939 in
593 1875 744 1940 Achillen
767 1875 919 1960 sagittam
938 1873 1092 1958 Apolline
1115 1873 1174 1936 diri·

177 1969 273 2050 gentc
295 1964 480 2029 tetendisse.
548 1964 569 2030 5
593 1964 734 2029 ceteris
757 1965 877 2028 maior
899 1964 973 2028 tibi
995 1964 1108 2026 miles
1128 1963 1174 2026 in·

137 2081 165 2121 io
178 2076 255 2138 par.
300 2053 374 2118 tibi
396 2054 510 2140 inpar
530 2053 674 2118 Achilles
694 2053 822 2118 scilicet.
880 2055 920 2118 12
929 2053 1061 2136 patuere
1076 2053 1169 2116 Teucri

176 2165 235 2226 pro
264 2141 399 2206 Teucrio
426 2143 571 2226 puluere;
600 2163 678 2227 ergo
711 2143 882 2226 principali
913 2165 972 2226 pro
1005 2140 1160 2228 possessio

178 2231 308 2296 nominc
332 2253 409 2295 usus
433 2240 490 2296 est.
536 2233 581 2296 sie
600 2231 717 2296 dicitur
743 2229 910 2296 Hauriat
940 2231 1043 2295 hunc
1068 2229 1160 2295 oculi

178 2321 280 2402 ipaem
303 2320 470 2384 erudelis
495 2320 540 2384 ab
564 2321 643 2386 alto
667 2319 870 2385 Dardanus
889 2342 948 2404 pro
968 2342 1005 2384 eo
1027 2319 1167 2403 quodest

178 2406 372 2472 Dardanius.
433 2410 473 2474 16
497 2410 654 2475 falleret
677 2410 811 2475 aulam.
852 2411 976 2475 aulam
1000 2409 1072 2474 sine
1094 2407 1175 2472 dubi

139 2521 167 2564 is
181 2519 240 2581 pro
267 2501 338 2562 toto
361 2495 422 2562 Ilio
450 2500 592 2581 positum
620 2503 682 2584 est,
709 2521 814 2583 neque
842 2500 928 2568 enini
955 2498 1062 2564 solum
1084 2517 1166 2580 rege

182 2586 368 2651 fefellerunt
391 2585 507 2652 Graeci
534 2588 687 2654 adhibitis
709 2588 849 2672 insidiis,
873 2609 985 2653 uerum
1007 2591 1114 2652 totum
1134 2607 1169 2667 po

182 2676 304 2760 pulum.
374 2677 415 2741 18
447 2679 599 2742 nescios
627 2678 704 2742 fari
731 2700 869 2763 pueros
901 2678 1020 2742 idest:
1049 2675 1173 2741 infante.

180 2764 453 2848 περιφραστικῶς.
520 2769 563 2832 22
586 2767 789 2852 adnuisset
816 2766 929 2831 rebus
952 2767 1104 2830 Aeneae
1125 2784 1165 2846 po

181 2855 282 2918 tiore
306 2853 441 2918 ductos
465 2855 558 2920 alite
581 2878 708 2922 muros
735 2857 768 2922 id
792 2859 856 2922 est:
889 2855 1056 2920 adnuisset
1072 2858 1109 2920 iit
1125 2873 1168 2916 me

178 2979 392 2990 m

255 3035 289 3085 22
307 3029 391 3100 Verg.
411 3031 480 3085 Aen.
500 3037 526 3100 4,
545 3037 597 3087 661

182 3200 207 3261 4,
227 3199 253 3262 4,
272 3200 314 3262 31,
335 3200 359 3248 1.
396 3197 443 3256 48,
460 3196 475 3244 ὁ
494 3191 634 3246 rubricam
653 3195 683 3248 et
699 3194 794 3262 legem
812 3199 838 3250 5.
874 3191 940 3247 Cod.
954 3193 974 3247 Ι.
990 3199 1016 3262 9,
1030 3199 1055 3259 9,
1070 3197 1093 3244 3.
1121 3187 1173 3242 Coll

181 3263 249 3333 Leg.
267 3263 337 3318 Mos.
357 3266 386 3318 et
403 3261 484 3316 Rom.
504 3269 546 3331 14,
565 3271 590 3332 3,
609 3270 634 3318 3.
690 3267 810 3334 lculpa
826 3279 949 3335 poenam
966 3263 1005 3316 M
1059 3259 1175 3326 aculpa

182 3351 275 3402 poena
293 3352 343 3388 sua
360 3351 424 3390 uos:
443 3332 527 3403 eulpa
545 3351 651 3404 poenae
670 3353 738 3392 suae
758 3336 796 3390 M
866 3336 930 3390 ser
948 3335 1036 3390 deuia
1101 3338 1172 3385 ssma

182 3404 285 3457 ritatae
304 3405 433 3461 Haatbal
450 3406 539 3460 escod.
555 3406 622 3462 Por.
662 3415 694 3462 13
712 3407 797 3462 mbea
816 3407 855 3460 M
925 3412 959 3460 14
976 3407 1085 3476 hymnis
1104 3401 1140 3455 M

184 3473 223 3527 ei:
243 3473 266 3527 a
285 3475 323 3527 M
385 3482 417 3530 17
436 3493 526 3550 poene
546 3477 584 3530 M
643 3485 676 3533 18
696 3478 836 3547 diciturg
889 3477 1032 3548 appolline
1051 3475 1171 3543 derigant

186 3545 224 3598 M
258 3550 292 3598 21
311 3547 417 3613 proT.:
436 3565 463 3616 p.
482 3567 504 3602 r.
523 3565 550 3616 p.
562 3548 644 3604 TM
695 3557 729 3605 23
749 3545 1175 3619 pro..dardamusm.matiqu

184 3633 206 3670 s.
226 3615 255 3670 b'.
274 3618 307 3670 ia
325 3615 364 3669 M
447 3623 480 3672 26
500 3635 575 3688 greci
593 3619 716 3676 adhibiti
735 3621 774 3674 M
857 3625 891 3674 28
911 3619 1010 3674 adnuis
1029 3618 1077 3674 sed
1095 3616 1132 3672 M
1147 3616 1171 3668 bi
