2416 3934
440 144 514 199 onir
531 145 567 212 Π,
587 150 629 200 18.
1005 144 1046 210 'll

24 281 107 372 'eum
129 307 191 372 sibi
211 307 338 373 nobiles
361 307 536 372 eonfioiunt
558 307 600 372 ad
616 328 707 391 spem
726 307 974 393 magistratuum
993 331 1047 396 ge-

40 395 218 480 rendorum,
244 399 359 461 uotum
382 397 425 461 sit
446 394 602 461 uxoribus
623 396 777 460 clientum
800 397 841 460 ad
864 401 1047 463 matronam

40 484 231 550 conficientis
257 485 430 550 conuenire
457 488 490 548 et
518 506 695 568 purpuram
718 506 792 550 eum
813 487 885 569 ipsa
907 508 1047 572 carpere.

121 575 141 638 9
166 569 326 638 at'fidos
350 576 388 638 et
408 573 543 660 ingeni
564 573 733 658 benigna
755 595 852 639 uena
875 578 940 640 est.
992 575 1046 642 hio

38 665 121 728 loeus
143 663 260 727 similis
283 661 333 727 est
350 661 398 726 illi
423 660 667 748 Uergiliano:
690 660 730 727 Si
747 684 826 728 non
844 664 1070 748 ingentems

37 751 186 816 foribus
209 751 341 816 domus
364 751 444 815 alta
467 750 644 836 superbis
667 750 777 816 Mane
807 752 1045 817 salutantum

36 841 124 906 totis
147 840 270 905 uomit
293 839 452 904 aedibus
473 843 506 904 et
524 843 638 905 oetera.
699 840 741 904 10
763 862 1045 927 pauperemque

35 929 138 994 diues
171 951 228 994 nie
254 929 363 1013 petit.
411 929 475 994 hoe
498 931 561 994 est:
588 929 730 1014 gratiani
756 929 820 993 mei
843 929 933 1013 petit.
1003 931 1042 995 11

35 1018 129 1082 nihil
152 1039 271 1102 supra
294 1017 383 1082 deos
405 1018 564 1083 lacesso.
608 1017 701 1102 nihil,
722 1017 841 1102 inquit,
864 1018 1002 1103 amplius
1026 1041 1047 1084 a

34 1107 90 1171 iliis
118 1110 206 1190 peto.
299 1107 341 1170 12
370 1127 439 1172 nee
468 1109 664 1190 potentem
692 1107 853 1172 amioum
875 1107 896 1170 l.
919 1107 941 1172 f.
966 1130 990 1171 s.
1013 1107 1044 1172 b.
1059 1139 1085 1178 ιο

34 1220 59 1259 u.
85 1193 118 1260 S.
173 1195 238 1260 hoo
270 1199 333 1260 est:
361 1216 422 1260 nee
449 1196 588 1280 amplius
611 1217 631 1259 a
653 1193 841 1260 Maecenate
869 1199 962 1280 opto,
989 1196 1045 1280 qui

33 1307 77 1349 me
103 1283 184 1349 satis
207 1285 341 1348 beatum
362 1283 443 1348 faoit
466 1283 618 1349 donando
637 1306 688 1349 me
706 1305 772 1349 uno
791 1284 894 1349 fundo
913 1282 1045 1369 Sabino,

33 1396 91 1456 qua
113 1373 322 1457 possessione
345 1376 517 1438 eontentus
541 1372 620 1437 satis
642 1372 775 1438 beatum
797 1393 848 1436 me
870 1373 986 1438 iudico.

34 1463 69 1526 15
96 1461 274 1526 truditur
301 1461 382 1526 dies
412 1462 482 1526 die.
535 1460 701 1526 inuehitur
727 1462 763 1526 in
791 1483 859 1543 eos,
892 1462 947 1546 qui
976 1483 1045 1526 non

32 1551 223 1635 intellegant
244 1553 373 1634 tempus
395 1551 483 1616 uitae
507 1572 583 1616 suae
607 1551 762 1615 uelociter
783 1572 919 1634 currere,
940 1549 1085 1622 nihileis

32 1641 133 1703 minus
160 1642 276 1704 tamen
299 1639 464 1704 destinent
485 1638 631 1704 aedificia
653 1638 824 1704 domorum
845 1638 993 1725 ingentia
1011 1641 1045 1703 et

31 1729 171 1811 pretiosa
195 1731 398 1812 construere,
421 1749 495 1792 eum
516 1728 626 1812 potius
649 1727 813 1812 deberent,
836 1729 864 1794 si
885 1749 1044 1793 memores

30 1817 238 1882 mortalitatis
266 1819 387 1899 essent,
415 1817 563 1902 sepulcra
590 1815 651 1882 sibi
679 1821 812 1882 struere.
901 1817 1045 1881 2011111-

29 1907 156 1989 risque
180 1904 272 1970 Bais
297 1905 562 1990 etstrepentis
589 1926 715 1992 urges.
759 1905 838 1970 ordo
862 1908 924 1970 est:
947 1905 1044 1969 litora

28 1996 124 2059 maris
147 1993 368 2079 obstrepentis
390 1992 485 2080 Bais,
506 1994 540 2059 id
563 1998 621 2079 est,
644 1993 778 2060 Baianis
799 1993 950 2058 litoribus
971 2015 1043 2077 per·
1057 2025 1085 2066 20

29 2084 213 2168 strepentis.
266 2083 320 2148 hie
350 2087 458 2148 autem
481 2083 615 2169 eorripit
637 2106 706 2170 eos,
729 2083 785 2168 qui
806 2083 842 2148 in
865 2080 1044 2167 Campania

29 2173 182 2238 affectent
203 2172 345 2237 molibus
368 2173 404 2237 in
426 2195 514 2238 mare
536 2173 629 2238 iaetis
652 2172 816 2258 praetoria
838 2171 1044 2256 superaedifi-

29 2283 108 2326 eere.
192 2261 237 2325 23
270 2261 360 2345 quid
390 2261 489 2345 quod
522 2283 641 2346 usque
677 2260 872 2346 proximos
904 2283 929 2325 r.
960 2264 984 2325 t.
1016 2283 1045 2325 a.

28 2350 150 2415 aceedit
178 2370 280 2432 nuno,
307 2349 428 2434 inquit,
459 2351 501 2415 ad
531 2351 617 2416 hane
649 2350 860 2416 ambitionem
893 2353 984 2415 tuam
1012 2353 1045 2414 et

28 2439 185 2504 sumtiae
207 2439 305 2521 zelus,
328 2460 392 2523 quo
415 2439 540 2506 uicinos
562 2442 637 2504 tuos
655 2461 714 2523 per
727 2439 942 2524 inpotentiam
957 2439 1043 2524 agris
1058 2468 1085 2510 25

29 2529 90 2593 suis
105 2527 252 2612 expellis,
302 2527 345 2592 26
363 2528 527 2611 pellitur
544 2531 729 2612 paternos
748 2529 788 2592 in
807 2529 894 2593 sinu
912 2527 1044 2591 ferens

29 2618 115 2683 deos
140 2619 181 2681 et
202 2639 297 2682 uxor
320 2619 358 2680 et
380 2616 439 2680 uir
462 2616 716 2702 sordidosque
738 2620 861 2683 natos.
896 2614 950 2679 hio
972 2617 1044 2699 ipsa

28 2729 56 2768 re
84 2703 249 2770 acerbitas
277 2704 440 2789 descripta
472 2709 535 2792 est,
566 2706 714 2772 homines
742 2725 900 2791 pauperes
929 2724 967 2767 so
994 2725 1043 2766 re-

30 2795 161 2878 ligiosos
191 2793 322 2858 sedibus
350 2793 417 2858 suis
433 2793 555 2877 'pulsos
584 2795 682 2860 etiam
709 2817 800 2860 sacra
830 2794 963 2858 deorum
985 2790 1044 2855 Pe·

29 2885 151 2947 natium
177 2903 286 2946 seeum
308 2882 402 2967 ferre,
425 2904 498 2948 oum
521 2884 696 2969 discedant,
718 2905 777 2948 neo
799 2882 885 2962 aliud
905 2880 1043 2966 amplius
1057 2912 1085 2952 30

95 3099 111 3147 5
130 3093 234 3163 Georg.
253 3099 279 3162 2,
298 3099 350 3148 461

96 3289 270 3369 lmagistro
288 3289 370 3341 tuum
390 3286 429 3340 M
522 3287 712 3342 6salutatum
729 3291 755 3341 et
772 3289 863 3343 mouit
882 3287 921 3340 M
1010 3291 1043 3339 12

31 3358 132 3412 saum
147 3357 313 3412 mihiunol
383 3363 417 3411 14
436 3364 698 3426 nononigeum?
768 3364 801 3412 16
820 3357 962 3412 destinent
979 3371 1044 3410 iios:

32 3428 156 3484 desinent
176 3429 214 3483 M
230 3444 288 3484 non
306 3427 473 3498 desinente
556 3435 588 3484 19
608 3430 781 3498 obstepentis
799 3444 874 3482 unes
894 3429 933 3481 M
1009 3431 1044 3480 20

33 3500 229 3566 perstrebentis
249 3500 288 3553 M
349 3505 382 3554 22
402 3499 553 3554 mobilibus
573 3500 612 3554 M
672 3515 744 3554 mari
763 3499 802 3552 M
864 3503 898 3551 25
918 3497 1045 3562 εοεΙιιες

95 3577 129 3625 ii
150 3572 182 3625 et
198 3587 281 3626 uxori
301 3587 370 3625 exnr
388 3587 420 3624 or
439 3571 477 3624 M
493 3570 621 3626 sordidus
640 3572 722 3625 natus
742 3569 780 3622 M
850 3573 884 3622 28
903 3567 945 3620 rei
963 3583 982 3632 ς

34 3639 167 3698 deseribta
186 3641 224 3696 M
293 3641 443 3712 rehgiosus
464 3641 502 3695 M
571 3647 605 3696 29
625 3657 689 3696 suos
709 3641 747 3693 M
