<?xml version="1.0" encoding="UTF-8"?>
<!DOCTYPE html PUBLIC "-//W3C//DTD XHTML 1.0 Transitional//EN"
    "http://www.w3.org/TR/xhtml1/DTD/xhtml1-transitional.dtd">
<html xmlns="http://www.w3.org/1999/xhtml" xml:lang="en" lang="en">
 <head>
  <title>
</title>
<meta http-equiv="Content-Type" content="text/html;charset=utf-8" />
  <meta name='ocr-system' content='tesseract 3.04.00' />
  <meta name='ocr-capabilities' content='ocr_page ocr_carea ocr_par ocr_line ocrx_word'/>
</head>
<body>
  <div class='ocr_page' id='page_1' title='image "./commentuminhora01porpgoog_0306.png"; bbox 0 0 2426 3934; ppageno 0'>
   <div class='ocr_carea' id='block_1_1' title="bbox 169 131 887 201">
    <p class='ocr_par' dir='ltr' id='par_1_1' title="bbox 169 131 887 201">
     <span class='ocr_line' id='line_1_1' title="bbox 169 131 887 201; baseline -0.021 -2"><span class='ocrx_word' id='word_1_1' title='bbox 169 134 235 198; x_wconf 79' lang='lat'><strong>292</strong></span> <span class='ocrx_word' id='word_1_2' title='bbox 469 131 650 188; x_wconf 76' lang='lat' dir='ltr'><strong>EPISTULA</strong></span> <span class='ocrx_word' id='word_1_3' title='bbox 668 131 689 200; x_wconf 85' lang='lat'><strong>1,</strong></span> <span class='ocrx_word' id='word_1_4' title='bbox 709 137 752 201; x_wconf 84' lang='lat' dir='ltr'><strong>rr,</strong></span> <span class='ocrx_word' id='word_1_5' title='bbox 771 136 887 186; x_wconf 79' lang='lat'><strong>35-49.</strong></span> 
     </span>
    </p>
   </div>
   <div class='ocr_carea' id='block_1_2' title="bbox 131 293 1180 3126">
    <p class='ocr_par' dir='ltr' id='par_1_2' title="bbox 131 293 1180 3126">
     <span class='ocr_line' id='line_1_2' title="bbox 171 293 1174 376; baseline -0.007 -13"><span class='ocrx_word' id='word_1_6' title='bbox 171 297 282 363; x_wconf 82' lang='lat' dir='ltr'><strong>sertim</strong></span> <span class='ocrx_word' id='word_1_7' title='bbox 309 317 382 360; x_wconf 87' lang='lat' dir='ltr'><strong>curn</strong></span> <span class='ocrx_word' id='word_1_8' title='bbox 410 295 454 359; x_wconf 87' lang='lat' dir='ltr'><strong>sit</strong></span> <span class='ocrx_word' id='word_1_9' title='bbox 476 297 570 376; x_wconf 90' lang='lat' dir='ltr'><strong>[non]</strong></span> <span class='ocrx_word' id='word_1_10' title='bbox 594 315 719 360; x_wconf 88' lang='lat' dir='ltr'><strong>cessare</strong></span> <span class='ocrx_word' id='word_1_11' title='bbox 741 315 802 358; x_wconf 88' lang='lat' dir='ltr'><strong>nec</strong></span> <span class='ocrx_word' id='word_1_12' title='bbox 824 293 973 358; x_wconf 87' lang='lat' dir='ltr'><strong>homines</strong></span> <span class='ocrx_word' id='word_1_13' title='bbox 998 293 1101 359; x_wconf 84' lang='lat' dir='ltr'><strong>colere</strong></span> <span class='ocrx_word' id='word_1_14' title='bbox 1123 295 1174 357; x_wconf 84' lang='lat' dir='ltr'>sibi</span> 
     </span>
     <span class='ocr_line' id='line_1_3' title="bbox 170 382 1174 468; baseline -0.005 -17"><span class='ocrx_word' id='word_1_15' title='bbox 170 385 367 452; x_wconf 84' lang='lat' dir='ltr'><strong>consulentis</strong></span> <span class='ocrx_word' id='word_1_16' title='bbox 391 405 428 450; x_wconf 86' lang='lat' dir='ltr'><strong>ao</strong></span> <span class='ocrx_word' id='word_1_17' title='bbox 450 383 546 468; x_wconf 78' lang='lat' dir='ltr'><strong>pigri,</strong></span> <span class='ocrx_word' id='word_1_18' title='bbox 568 405 621 448; x_wconf 88' lang='lat' dir='ltr'><strong>res</strong></span> <span class='ocrx_word' id='word_1_19' title='bbox 641 403 719 452; x_wconf 86' lang='lat' dir='ltr'><strong>uero</strong></span> <span class='ocrx_word' id='word_1_20' title='bbox 742 382 900 462; x_wconf 55' lang='lat' dir='ltr'><strong>mapximas,</strong></span> <span class='ocrx_word' id='word_1_21' title='bbox 925 402 1038 466; x_wconf 82' lang='lat' dir='ltr'><strong>gerere</strong></span> <span class='ocrx_word' id='word_1_22' title='bbox 1057 385 1090 444; x_wconf 88' lang='lat' dir='ltr'><strong>et</strong></span> <span class='ocrx_word' id='word_1_23' title='bbox 1106 383 1174 468; x_wconf 83' lang='lat' dir='ltr'><strong>uigi-</strong></span> 
     </span>
     <span class='ocr_line' id='line_1_4' title="bbox 171 471 1175 554; baseline -0.004 -16"><span class='ocrx_word' id='word_1_24' title='bbox 171 475 237 540; x_wconf 87' lang='lat' dir='ltr'><strong>lare</strong></span> <span class='ocrx_word' id='word_1_25' title='bbox 265 473 407 538; x_wconf 91' lang='lat' dir='ltr'><strong>officium</strong></span> <span class='ocrx_word' id='word_1_26' title='bbox 434 471 558 536; x_wconf 83' lang='lat' dir='ltr'><strong>strenui</strong></span> <span class='ocrx_word' id='word_1_27' title='bbox 584 471 726 536; x_wconf 90' lang='lat' dir='ltr'><strong>hominis</strong></span> <span class='ocrx_word' id='word_1_28' title='bbox 759 473 857 554; x_wconf 80' lang='lat' dir='ltr'><strong>atque</strong></span> <span class='ocrx_word' id='word_1_29' title='bbox 889 471 1055 546; x_wconf 83' lang='lat' dir='ltr'><strong>laudandi.</strong></span> <span class='ocrx_word' id='word_1_30' title='bbox 1140 473 1175 534; x_wconf 66' lang='lat'><strong>35</strong></span> 
     </span>
     <span class='ocr_line' id='line_1_5' title="bbox 170 558 1176 646; baseline -0.005 -19"><span class='ocrx_word' id='word_1_31' title='bbox 170 562 414 646; x_wconf 88' lang='lat' dir='ltr'><strong>principibus</strong></span> <span class='ocrx_word' id='word_1_32' title='bbox 439 559 644 643; x_wconf 80' lang='lat' dir='ltr'><strong>placuisse.</strong></span> <span class='ocrx_word' id='word_1_33' title='bbox 696 581 715 624; x_wconf 87' lang='lat' dir='ltr'><strong>a</strong></span> <span class='ocrx_word' id='word_1_34' title='bbox 742 558 865 622; x_wconf 87' lang='lat' dir='ltr'><strong>maiore</strong></span> <span class='ocrx_word' id='word_1_35' title='bbox 894 559 937 626; x_wconf 88' lang='lat' dir='ltr'><strong>ad</strong></span> <span class='ocrx_word' id='word_1_36' title='bbox 959 559 1070 637; x_wconf 81' lang='lat' dir='ltr'><strong>minus</strong></span> <span class='ocrx_word' id='word_1_37' title='bbox 1092 560 1176 630; x_wconf 78' lang='lat' dir='ltr'><strong>uenit.</strong></span> 
     </span>
     <span class='ocr_line' id='line_1_6' title="bbox 143 647 1176 736; baseline -0.007 -20"><span class='ocrx_word' id='word_1_38' title='bbox 143 650 274 716; x_wconf 69' lang='lat' dir='ltr'><strong>ssimile</strong></span> <span class='ocrx_word' id='word_1_39' title='bbox 297 649 400 719; x_wconf 89' lang='lat' dir='ltr'><strong>uideri</strong></span> <span class='ocrx_word' id='word_1_40' title='bbox 422 669 533 736; x_wconf 75' lang='lat' dir='ltr'><strong>gerere</strong></span> <span class='ocrx_word' id='word_1_41' title='bbox 555 668 603 714; x_wconf 82' lang='lat' dir='ltr'><strong>res</strong></span> <span class='ocrx_word' id='word_1_42' title='bbox 620 647 755 719; x_wconf 73' lang='lat' dir='ltr'><strong>bellicas,</strong></span> <span class='ocrx_word' id='word_1_43' title='bbox 767 650 811 710; x_wconf 88' lang='lat' dir='ltr'><strong>et</strong></span> <span class='ocrx_word' id='word_1_44' title='bbox 828 648 1009 730; x_wconf 85' lang='lat' dir='ltr'><strong>promereri</strong></span> <span class='ocrx_word' id='word_1_45' title='bbox 1027 647 1176 732; x_wconf 66' lang='lat' dir='ltr'><strong>principes</strong></span> 
     </span>
     <span class='ocr_line' id='line_1_7' title="bbox 171 734 1177 812; baseline -0.005 -8"><span class='ocrx_word' id='word_1_46' title='bbox 171 738 322 804; x_wconf 86' lang='lat' dir='ltr'><strong>ciuitatis.</strong></span> <span class='ocrx_word' id='word_1_47' title='bbox 403 737 446 802; x_wconf 86' lang='lat'><strong>36</strong></span> <span class='ocrx_word' id='word_1_48' title='bbox 468 759 546 802; x_wconf 91' lang='lat' dir='ltr'><strong>non</strong></span> <span class='ocrx_word' id='word_1_49' title='bbox 568 736 694 802; x_wconf 85' lang='lat' dir='ltr'><strong>cuiuis</strong></span> <span class='ocrx_word' id='word_1_50' title='bbox 717 734 1027 812; x_wconf 86' lang='lat' dir='ltr'><strong>hominio.aO.</strong></span> <span class='ocrx_word' id='word_1_51' title='bbox 1074 735 1177 800; x_wconf 79' lang='lat' dir='ltr'><strong>ethos</strong></span> 
     </span>
     <span class='ocr_line' id='line_1_8' title="bbox 171 824 1177 911; baseline -0.005 -19"><span class='ocrx_word' id='word_1_52' title='bbox 171 826 354 911; x_wconf 84' lang='lat' dir='ltr'><strong>exemplum</strong></span> <span class='ocrx_word' id='word_1_53' title='bbox 377 828 426 890; x_wconf 90' lang='lat' dir='ltr'><strong>est</strong></span> <span class='ocrx_word' id='word_1_54' title='bbox 450 847 469 889; x_wconf 90' lang='lat' dir='ltr'><strong>a</strong></span> <span class='ocrx_word' id='word_1_55' title='bbox 488 825 706 892; x_wconf 85' lang='lat' dir='ltr'><strong>similitudine.</strong></span> <span class='ocrx_word' id='word_1_56' title='bbox 766 824 808 891; x_wconf 81' lang='lat'><strong>37</strong></span> <span class='ocrx_word' id='word_1_57' title='bbox 834 824 937 889; x_wconf 88' lang='lat' dir='ltr'><strong>sedit</strong></span> <span class='ocrx_word' id='word_1_58' title='bbox 960 825 1028 910; x_wconf 89' lang='lat' dir='ltr'><strong>qui</strong></span> <span class='ocrx_word' id='word_1_59' title='bbox 1051 826 1177 890; x_wconf 81' lang='lat' dir='ltr'><strong>timuit.</strong></span> 
     </span>
     <span class='ocr_line' id='line_1_9' title="bbox 170 912 1179 1000; baseline -0.006 -20"><span class='ocrx_word' id='word_1_60' title='bbox 170 916 254 980; x_wconf 92' lang='lat' dir='ltr'><strong>bene</strong></span> <span class='ocrx_word' id='word_1_61' title='bbox 281 915 397 998; x_wconf 82' lang='lat' dir='ltr'><strong>sedit,</strong></span> <span class='ocrx_word' id='word_1_62' title='bbox 426 935 489 1000; x_wconf 90' lang='lat' dir='ltr'><strong>quo</strong></span> <span class='ocrx_word' id='word_1_63' title='bbox 517 915 618 979; x_wconf 87' lang='lat' dir='ltr'><strong>uerbo</strong></span> <span class='ocrx_word' id='word_1_64' title='bbox 645 912 804 996; x_wconf 73' lang='lat' dir='ltr'><strong>sipoifioot</strong></span> <span class='ocrx_word' id='word_1_65' title='bbox 830 913 1021 998; x_wconf 74' lang='lat' dir='ltr'><strong>segnitiam,</strong></span> <span class='ocrx_word' id='word_1_66' title='bbox 1051 914 1179 983; x_wconf 83' lang='lat' dir='ltr'><strong>undeet</strong></span> 
     </span>
     <span class='ocr_line' id='line_1_10' title="bbox 172 1000 1177 1088; baseline -0.004 -20"><span class='ocrx_word' id='word_1_67' title='bbox 172 1003 277 1068; x_wconf 86' lang='lat' dir='ltr'><strong>sedes:</strong></span> <span class='ocrx_word' id='word_1_68' title='bbox 300 1003 467 1088; x_wconf 79' lang='lat' dir='ltr'><strong>requietio.</strong></span> <span class='ocrx_word' id='word_1_69' title='bbox 514 1003 578 1088; x_wconf 89' lang='lat' dir='ltr'><strong>qui</strong></span> <span class='ocrx_word' id='word_1_70' title='bbox 600 1001 739 1071; x_wconf 86' lang='lat' dir='ltr'><strong>timuit.</strong></span> <span class='ocrx_word' id='word_1_71' title='bbox 784 1023 853 1065; x_wconf 92' lang='lat' dir='ltr'><strong>non</strong></span> <span class='ocrx_word' id='word_1_72' title='bbox 875 1000 944 1086; x_wconf 76' lang='lat' dir='ltr'><strong>‘qui</strong></span> <span class='ocrx_word' id='word_1_73' title='bbox 970 1001 1177 1085; x_wconf 76' lang='lat' dir='ltr'><strong>contempsit,</strong></span> 
     </span>
     <span class='ocr_line' id='line_1_11' title="bbox 131 1089 1178 1176; baseline 0.001 -26"><span class='ocrx_word' id='word_1_74' title='bbox 131 1111 158 1151; x_wconf 83' lang='grc' dir='ltr'><strong>ιο</strong></span> <span class='ocrx_word' id='word_1_75' title='bbox 170 1112 211 1156; x_wconf 90' lang='lat' dir='ltr'><strong>ne</strong></span> <span class='ocrx_word' id='word_1_76' title='bbox 234 1091 377 1156; x_wconf 86' lang='lat' dir='ltr'><strong>noluisse</strong></span> <span class='ocrx_word' id='word_1_77' title='bbox 401 1113 435 1156; x_wconf 89' lang='lat' dir='ltr'><strong>se</strong></span> <span class='ocrx_word' id='word_1_78' title='bbox 458 1091 578 1156; x_wconf 84' lang='lat' dir='ltr'><strong>laudet</strong></span> <span class='ocrx_word' id='word_1_79' title='bbox 654 1091 697 1156; x_wconf 87' lang='grc'><strong>38</strong></span> <span class='ocrx_word' id='word_1_80' title='bbox 721 1089 813 1174; x_wconf 92' lang='lat' dir='ltr'><strong>quid</strong></span> <span class='ocrx_word' id='word_1_81' title='bbox 836 1091 903 1175; x_wconf 91' lang='lat' dir='ltr'><strong>qui</strong></span> <span class='ocrx_word' id='word_1_82' title='bbox 925 1092 1113 1176; x_wconf 85' lang='lat' dir='ltr'><strong>peruenit</strong></span> <span class='ocrx_word' id='word_1_83' title='bbox 1134 1090 1178 1152; x_wconf 82' lang='lat' dir='ltr'><strong>fe-</strong></span> 
     </span>
     <span class='ocr_line' id='line_1_12' title="bbox 172 1178 1178 1268; baseline -0.004 -24"><span class='ocrx_word' id='word_1_84' title='bbox 172 1181 276 1245; x_wconf 87' lang='lat' dir='ltr'><strong>citne</strong></span> <span class='ocrx_word' id='word_1_85' title='bbox 308 1179 482 1252; x_wconf 81' lang='lat' dir='ltr'><strong>uiriliter</strong></span> <span class='ocrx_word' id='word_1_86' title='bbox 513 1183 637 1264; x_wconf 90' lang='lat' dir='ltr'><strong>atque.</strong></span> <span class='ocrx_word' id='word_1_87' title='bbox 696 1178 759 1250; x_wconf 85' lang='lat' dir='ltr'><strong>hoo</strong></span> <span class='ocrx_word' id='word_1_88' title='bbox 795 1200 855 1262; x_wconf 88' lang='lat' dir='ltr'><strong>per</strong></span> <span class='ocrx_word' id='word_1_89' title='bbox 890 1179 1178 1268; x_wconf 66' lang='lat' dir='ltr'><strong>interrogationem.</strong></span> 
     </span>
     <span class='ocr_line' id='line_1_13' title="bbox 170 1267 1178 1444; baseline -0.001 -23"><span class='ocrx_word' id='word_1_90' title='bbox 170 1267 994 1444; x_wconf 52' lang='lat' dir='ltr'><strong>tt⁰ttrtfflt0ttgt&#39;tffittttttt32³3:ss</strong></span> <span class='ocrx_word' id='word_1_91' title='bbox 1009 1271 1178 1422; x_wconf 66' lang='lat' dir='ltr'><strong>ttttft</strong></span> 
     </span>
     <span class='ocr_line' id='line_1_14' title="bbox 173 1443 1179 1532; baseline -0.005 -21"><span class='ocrx_word' id='word_1_92' title='bbox 173 1469 284 1530; x_wconf 87' lang='lat' dir='ltr'><strong>quam</strong></span> <span class='ocrx_word' id='word_1_93' title='bbox 307 1447 407 1532; x_wconf 90' lang='lat' dir='ltr'><strong>quod</strong></span> <span class='ocrx_word' id='word_1_94' title='bbox 429 1446 646 1532; x_wconf 79' lang='lat' dir='ltr'><strong>quaerimus</strong></span> <span class='ocrx_word' id='word_1_95' title='bbox 670 1445 765 1528; x_wconf 84' lang='lat' dir='ltr'><strong>quasi</strong></span> <span class='ocrx_word' id='word_1_96' title='bbox 781 1443 1060 1530; x_wconf 81' lang='lat' dir='ltr'><strong>tergiuersantem</strong></span> <span class='ocrx_word' id='word_1_97' title='bbox 1077 1449 1179 1530; x_wconf 79' lang='lat' dir='ltr'><strong>urguet</strong></span> 
     </span>
     <span class='ocr_line' id='line_1_15' title="bbox 133 1532 1179 1618; baseline 0.002 -24"><span class='ocrx_word' id='word_1_98' title='bbox 133 1553 160 1594; x_wconf 85' lang='lat'><strong>15</strong></span> <span class='ocrx_word' id='word_1_99' title='bbox 174 1535 215 1600; x_wconf 89' lang='lat' dir='ltr'><strong>ad</strong></span> <span class='ocrx_word' id='word_1_100' title='bbox 238 1535 504 1618; x_wconf 87' lang='lat' dir='ltr'><strong>respondendum.</strong></span> <span class='ocrx_word' id='word_1_101' title='bbox 586 1533 629 1598; x_wconf 82' lang='lat'><strong>39</strong></span> <span class='ocrx_word' id='word_1_102' title='bbox 657 1532 720 1598; x_wconf 87' lang='lat' dir='ltr'><strong>hio</strong></span> <span class='ocrx_word' id='word_1_103' title='bbox 744 1554 838 1598; x_wconf 88' lang='lat' dir='ltr'><strong>onus</strong></span> <span class='ocrx_word' id='word_1_104' title='bbox 861 1532 1004 1601; x_wconf 87' lang='lat' dir='ltr'><strong>horret.</strong></span> <span class='ocrx_word' id='word_1_105' title='bbox 1053 1533 1106 1598; x_wconf 90' lang='lat' dir='ltr'><strong>hic</strong></span> <span class='ocrx_word' id='word_1_106' title='bbox 1127 1534 1179 1596; x_wconf 88' lang='lat' dir='ltr'><strong>elo·</strong></span> 
     </span>
     <span class='ocr_line' id='line_1_16' title="bbox 174 1621 1179 1708; baseline -0.005 -19"><span class='ocrx_word' id='word_1_107' title='bbox 174 1625 293 1708; x_wconf 87' lang='lat' dir='ltr'><strong>quitur,</strong></span> <span class='ocrx_word' id='word_1_108' title='bbox 316 1623 403 1707; x_wconf 90' lang='lat' dir='ltr'><strong>quod</strong></span> <span class='ocrx_word' id='word_1_109' title='bbox 426 1621 488 1687; x_wconf 90' lang='lat' dir='ltr'><strong>sibi</strong></span> <span class='ocrx_word' id='word_1_110' title='bbox 510 1623 550 1695; x_wconf 81' lang='lat' dir='ltr'><strong>in</strong></span> <span class='ocrx_word' id='word_1_111' title='bbox 568 1621 631 1686; x_wconf 89' lang='lat' dir='ltr'><strong>fine</strong></span> <span class='ocrx_word' id='word_1_112' title='bbox 654 1622 761 1694; x_wconf 86' lang='lat' dir='ltr'><strong>uoluit</strong></span> <span class='ocrx_word' id='word_1_113' title='bbox 780 1622 980 1707; x_wconf 76' lang='lat' dir='ltr'><strong>responderi,</strong></span> <span class='ocrx_word' id='word_1_114' title='bbox 1002 1623 1100 1688; x_wconf 88' lang='lat' dir='ltr'><strong>illum</strong></span> <span class='ocrx_word' id='word_1_115' title='bbox 1121 1643 1179 1688; x_wconf 83' lang='lat' dir='ltr'><strong>esse</strong></span> 
     </span>
     <span class='ocr_line' id='line_1_17' title="bbox 174 1709 1180 1798; baseline -0.006 -22"><span class='ocrx_word' id='word_1_116' title='bbox 174 1712 333 1796; x_wconf 79' lang='lat' dir='ltr'><strong>timidum,</strong></span> <span class='ocrx_word' id='word_1_117' title='bbox 357 1711 413 1797; x_wconf 86' lang='lat' dir='ltr'><strong>qui</strong></span> <span class='ocrx_word' id='word_1_118' title='bbox 436 1709 577 1777; x_wconf 79' lang='lat' dir='ltr'><strong>officium</strong></span> <span class='ocrx_word' id='word_1_119' title='bbox 599 1709 715 1796; x_wconf 80' lang='lat' dir='ltr'><strong>fugiat,</strong></span> <span class='ocrx_word' id='word_1_120' title='bbox 737 1710 831 1775; x_wconf 88' lang='lat' dir='ltr'><strong>illum</strong></span> <span class='ocrx_word' id='word_1_121' title='bbox 848 1709 977 1798; x_wconf 66' lang='lat' dir='ltr'><strong>fortem,</strong></span> <span class='ocrx_word' id='word_1_122' title='bbox 1001 1712 1062 1797; x_wconf 78' lang='lat' dir='ltr'><strong>qui</strong></span> <span class='ocrx_word' id='word_1_123' title='bbox 1080 1711 1180 1775; x_wconf 83' lang='lat' dir='ltr'><strong>subeat</strong></span> 
     </span>
     <span class='ocr_line' id='line_1_18' title="bbox 174 1797 1178 1886; baseline -0.003 -21"><span class='ocrx_word' id='word_1_124' title='bbox 174 1799 392 1886; x_wconf 76' lang='lat' dir='ltr'><strong>perieratque,</strong></span> <span class='ocrx_word' id='word_1_125' title='bbox 421 1820 458 1875; x_wconf 81' lang='lat' dir='ltr'><strong>ae</strong></span> <span class='ocrx_word' id='word_1_126' title='bbox 480 1820 539 1884; x_wconf 89' lang='lat' dir='ltr'><strong>per</strong></span> <span class='ocrx_word' id='word_1_127' title='bbox 561 1798 643 1884; x_wconf 65' lang='lat' dir='ltr'><strong>hoq</strong></span> <span class='ocrx_word' id='word_1_128' title='bbox 659 1797 746 1867; x_wconf 88' lang='lat' dir='ltr'><strong>hune</strong></span> <span class='ocrx_word' id='word_1_129' title='bbox 768 1799 968 1884; x_wconf 79' lang='lat' dir='ltr'><strong>laudandum</strong></span> <span class='ocrx_word' id='word_1_130' title='bbox 990 1800 1088 1869; x_wconf 78' lang='lat' dir='ltr'><strong>illurn</strong></span> <span class='ocrx_word' id='word_1_131' title='bbox 1108 1799 1178 1863; x_wconf 78' lang='lat' dir='ltr'><strong>uiru-</strong></span> 
     </span>
     <span class='ocr_line' id='line_1_19' title="bbox 174 1888 1178 1974; baseline -0.005 -20"><span class='ocrx_word' id='word_1_132' title='bbox 174 1888 359 1974; x_wconf 88' lang='lat' dir='ltr'><strong>perandum.</strong></span> <span class='ocrx_word' id='word_1_133' title='bbox 404 1889 447 1952; x_wconf 91' lang='grc'><strong>41</strong></span> <span class='ocrx_word' id='word_1_134' title='bbox 463 1891 529 1962; x_wconf 88' lang='lat' dir='ltr'><strong>aut</strong></span> <span class='ocrx_word' id='word_1_135' title='bbox 541 1888 667 1963; x_wconf 80' lang='lat' dir='ltr'><strong>uirtus</strong></span> <span class='ocrx_word' id='word_1_136' title='bbox 681 1909 820 1968; x_wconf 68' lang='lat' dir='ltr'><strong>nornen</strong></span> <span class='ocrx_word' id='word_1_137' title='bbox 837 1888 951 1955; x_wconf 88' lang='lat' dir='ltr'><strong>inane</strong></span> <span class='ocrx_word' id='word_1_138' title='bbox 972 1893 1042 1958; x_wconf 74' lang='lat' dir='ltr'><strong>est</strong></span> <span class='ocrx_word' id='word_1_139' title='bbox 1074 1909 1178 1960; x_wconf 83' lang='lat' dir='ltr'><strong>nomen</strong></span> 
     </span>
     <span class='ocr_line' id='line_1_20' title="bbox 134 1976 1178 2062; baseline 0 -22"><span class='ocrx_word' id='word_1_140' title='bbox 134 1979 271 2043; x_wconf 78' lang='lat' dir='ltr'><strong>coinane</strong></span> <span class='ocrx_word' id='word_1_141' title='bbox 298 1999 484 2062; x_wconf 85' lang='lat' dir='ltr'><strong>uanumque</strong></span> <span class='ocrx_word' id='word_1_142' title='bbox 505 1997 575 2044; x_wconf 87' lang='lat' dir='ltr'><strong>esse</strong></span> <span class='ocrx_word' id='word_1_143' title='bbox 602 1976 758 2042; x_wconf 77' lang='lat' dir='ltr'><strong>uirtutem</strong></span> <span class='ocrx_word' id='word_1_144' title='bbox 781 1976 946 2062; x_wconf 74' lang='lat' dir='ltr'><strong>Epicurus.</strong></span> <span class='ocrx_word' id='word_1_145' title='bbox 966 1978 1052 2050; x_wconf 85' lang='lat' dir='ltr'><strong>dixit</strong></span> <span class='ocrx_word' id='word_1_146' title='bbox 1074 1977 1115 2046; x_wconf 83' lang='lat' dir='ltr'><strong>ad</strong></span> <span class='ocrx_word' id='word_1_147' title='bbox 1133 1998 1178 2040; x_wconf 91' lang='lat' dir='ltr'><strong>uo·</strong></span> 
     </span>
     <span class='ocr_line' id='line_1_21' title="bbox 175 2066 1178 2151; baseline -0.004 -20"><span class='ocrx_word' id='word_1_148' title='bbox 175 2068 335 2151; x_wconf 86' lang='lat' dir='ltr'><strong>luptatem</strong></span> <span class='ocrx_word' id='word_1_149' title='bbox 358 2066 499 2146; x_wconf 75' lang='lat' dir='ltr'><strong>referens</strong></span> <span class='ocrx_word' id='word_1_150' title='bbox 522 2066 687 2148; x_wconf 79' lang='lat' dir='ltr'><strong>uniuersa,</strong></span> <span class='ocrx_word' id='word_1_151' title='bbox 715 2087 798 2151; x_wconf 86' lang='lat' dir='ltr'><strong>quae</strong></span> <span class='ocrx_word' id='word_1_152' title='bbox 821 2066 968 2148; x_wconf 69' lang='lat' dir='ltr'><strong>facimus,</strong></span> <span class='ocrx_word' id='word_1_153' title='bbox 1061 2069 1103 2138; x_wconf 81' lang='lat'><strong>42</strong></span> <span class='ocrx_word' id='word_1_154' title='bbox 1125 2069 1178 2130; x_wconf 87' lang='lat' dir='ltr'><strong>aut</strong></span> 
     </span>
     <span class='ocr_line' id='line_1_22' title="bbox 177 2151 1178 2240; baseline -0.003 -21"><span class='ocrx_word' id='word_1_155' title='bbox 177 2156 290 2234; x_wconf 84' lang='lat' dir='ltr'><strong>decus</strong></span> <span class='ocrx_word' id='word_1_156' title='bbox 314 2159 352 2220; x_wconf 87' lang='lat' dir='ltr'><strong>et</strong></span> <span class='ocrx_word' id='word_1_157' title='bbox 374 2156 549 2240; x_wconf 65' lang='lat' dir='ltr'><strong>pretium,</strong></span> <span class='ocrx_word' id='word_1_158' title='bbox 586 2154 649 2219; x_wconf 88' lang='lat' dir='ltr'><strong>hoc</strong></span> <span class='ocrx_word' id='word_1_159' title='bbox 664 2151 766 2219; x_wconf 77' lang='lat' dir='ltr'><strong>Stoici</strong></span> <span class='ocrx_word' id='word_1_160' title='bbox 789 2153 900 2222; x_wconf 88' lang='lat' dir='ltr'><strong>dicunt</strong></span> <span class='ocrx_word' id='word_1_161' title='bbox 923 2155 963 2221; x_wconf 87' lang='lat' dir='ltr'><strong>ad</strong></span> <span class='ocrx_word' id='word_1_162' title='bbox 986 2155 1178 2236; x_wconf 71' lang='lat' dir='ltr'><strong>honestatem</strong></span> 
     </span>
     <span class='ocr_line' id='line_1_23' title="bbox 176 2242 1123 2326; baseline 0.004 -20"><span class='ocrx_word' id='word_1_163' title='bbox 176 2247 210 2306; x_wconf 87' lang='lat' dir='ltr'><strong>et</strong></span> <span class='ocrx_word' id='word_1_164' title='bbox 235 2245 359 2320; x_wconf 80' lang='lat' dir='ltr'><strong>rectum</strong></span> <span class='ocrx_word' id='word_1_165' title='bbox 386 2242 449 2307; x_wconf 92' lang='lat' dir='ltr'><strong>hoo</strong></span> <span class='ocrx_word' id='word_1_166' title='bbox 475 2247 525 2326; x_wconf 81' lang='lat' dir='ltr'><strong>est</strong></span> <span class='ocrx_word' id='word_1_167' title='bbox 552 2243 592 2308; x_wconf 89' lang='lat' dir='ltr'><strong>ad</strong></span> <span class='ocrx_word' id='word_1_168' title='bbox 615 2243 770 2324; x_wconf 76' lang='lat' dir='ltr'><strong>uirtutem</strong></span> <span class='ocrx_word' id='word_1_169' title='bbox 793 2244 903 2326; x_wconf 74' lang='lat' dir='ltr'><strong>omnia</strong></span> <span class='ocrx_word' id='word_1_170' title='bbox 925 2247 1123 2321; x_wconf 80' lang='lat' dir='ltr'><strong>reuocantes.</strong></span> 
     </span>
     <span class='ocr_line' id='line_1_24' title="bbox 175 2332 1179 2417; baseline 0.002 -22"><span class='ocrx_word' id='word_1_171' title='bbox 175 2332 219 2396; x_wconf 88' lang='grc'><strong>43</strong></span> <span class='ocrx_word' id='word_1_172' title='bbox 243 2352 370 2398; x_wconf 88' lang='lat' dir='ltr'><strong>coram</strong></span> <span class='ocrx_word' id='word_1_173' title='bbox 399 2353 488 2417; x_wconf 84' lang='lat' dir='ltr'><strong>rege</strong></span> <span class='ocrx_word' id='word_1_174' title='bbox 515 2355 592 2401; x_wconf 90' lang='lat' dir='ltr'><strong>suo.</strong></span> <span class='ocrx_word' id='word_1_175' title='bbox 637 2332 711 2412; x_wconf 76' lang='lat' dir='ltr'><strong>iarn,</strong></span> <span class='ocrx_word' id='word_1_176' title='bbox 726 2332 887 2416; x_wconf 75' lang='lat' dir='ltr'><strong>praecipit</strong></span> <span class='ocrx_word' id='word_1_177' title='bbox 907 2332 1015 2408; x_wconf 81' lang='lat' dir='ltr'><strong>dicens</strong></span> <span class='ocrx_word' id='word_1_178' title='bbox 1039 2353 1179 2402; x_wconf 85' lang='lat' dir='ltr'><strong>uerecun-</strong></span> 
     </span>
     <span class='ocr_line' id='line_1_25' title="bbox 137 2420 1178 2506; baseline -0.003 -20"><span class='ocrx_word' id='word_1_179' title='bbox 137 2443 164 2486; x_wconf 81' lang='lat' dir='ltr'><strong>rs</strong></span> <span class='ocrx_word' id='word_1_180' title='bbox 178 2420 264 2499; x_wconf 80' lang='lat' dir='ltr'><strong>diam</strong></span> <span class='ocrx_word' id='word_1_181' title='bbox 293 2421 366 2504; x_wconf 84' lang='lat' dir='ltr'><strong>plus</strong></span> <span class='ocrx_word' id='word_1_182' title='bbox 388 2421 541 2505; x_wconf 83' lang='lat' dir='ltr'><strong>prodesse</strong></span> <span class='ocrx_word' id='word_1_183' title='bbox 563 2420 649 2506; x_wconf 84' lang='lat' dir='ltr'><strong>apud</strong></span> <span class='ocrx_word' id='word_1_184' title='bbox 671 2421 811 2498; x_wconf 82' lang='lat' dir='ltr'><strong>maiores</strong></span> <span class='ocrx_word' id='word_1_185' title='bbox 834 2421 969 2505; x_wconf 71' lang='lat' dir='ltr'><strong>arpiqos,</strong></span> <span class='ocrx_word' id='word_1_186' title='bbox 998 2443 1102 2506; x_wconf 25' lang='lat' dir='ltr'><strong>quam*</strong></span> <span class='ocrx_word' id='word_1_187' title='bbox 1117 2441 1178 2505; x_wconf 89' lang='lat' dir='ltr'><strong>pro·</strong></span> 
     </span>
     <span class='ocr_line' id='line_1_26' title="bbox 178 2508 1178 2595; baseline -0.006 -20"><span class='ocrx_word' id='word_1_188' title='bbox 178 2531 282 2576; x_wconf 85' lang='lat' dir='ltr'><strong>oaoem</strong></span> <span class='ocrx_word' id='word_1_189' title='bbox 308 2508 539 2595; x_wconf 83' lang='lat' dir='ltr'><strong>inpudentiam,</strong></span> <span class='ocrx_word' id='word_1_190' title='bbox 562 2508 753 2592; x_wconf 74' lang='lat' dir='ltr'><strong>praesertim</strong></span> <span class='ocrx_word' id='word_1_191' title='bbox 781 2531 855 2594; x_wconf 74' lang='lat' dir='ltr'><strong>qpm</strong></span> <span class='ocrx_word' id='word_1_192' title='bbox 877 2510 1065 2586; x_wconf 74' lang='lat' dir='ltr'><strong>tacentibus</strong></span> <span class='ocrx_word' id='word_1_193' title='bbox 1087 2509 1178 2594; x_wconf 78' lang='lat' dir='ltr'><strong>magis</strong></span> 
     </span>
     <span class='ocr_line' id='line_1_27' title="bbox 178 2597 1176 2685; baseline -0.005 -20"><span class='ocrx_word' id='word_1_194' title='bbox 178 2621 275 2685; x_wconf 87' lang='lat' dir='ltr'><strong>quam</strong></span> <span class='ocrx_word' id='word_1_195' title='bbox 293 2597 502 2682; x_wconf 80' lang='lat' dir='ltr'><strong>poscentibus</strong></span> <span class='ocrx_word' id='word_1_196' title='bbox 519 2597 710 2681; x_wconf 81' lang='lat' dir='ltr'><strong>largiantur.</strong></span> <span class='ocrx_word' id='word_1_197' title='bbox 775 2599 819 2672; x_wconf 89' lang='grc'><strong>46</strong></span> <span class='ocrx_word' id='word_1_198' title='bbox 842 2599 1089 2672; x_wconf 75' lang='lat' dir='ltr'><strong>indotatam</strong></span> <span class='ocrx_word' id='word_1_199' title='bbox 1130 2598 1176 2660; x_wconf 88' lang='lat' dir='ltr'><strong>mi·</strong></span> 
     </span>
     <span class='ocr_line' id='line_1_28' title="bbox 178 2685 1178 2774; baseline -0.007 -20"><span class='ocrx_word' id='word_1_200' title='bbox 178 2689 275 2768; x_wconf 70' lang='lat' dir='ltr'><strong>meeis</strong></span> <span class='ocrx_word' id='word_1_201' title='bbox 303 2687 408 2773; x_wconf 81' lang='lat' dir='ltr'><strong>figura</strong></span> <span class='ocrx_word' id='word_1_202' title='bbox 434 2685 497 2752; x_wconf 88' lang='lat' dir='ltr'><strong>hoc</strong></span> <span class='ocrx_word' id='word_1_203' title='bbox 527 2690 577 2759; x_wconf 86' lang='lat' dir='ltr'><strong>est</strong></span> <span class='ocrx_word' id='word_1_204' title='bbox 598 2686 738 2766; x_wconf 77' lang='lat' dir='ltr'><strong>imitatio</strong></span> <span class='ocrx_word' id='word_1_205' title='bbox 761 2688 926 2770; x_wconf 76' lang='lat' dir='ltr'><strong>poscentis</strong></span> <span class='ocrx_word' id='word_1_206' title='bbox 949 2687 1080 2774; x_wconf 79' lang='lat' dir='ltr'><strong>aliquid.</strong></span> <span class='ocrx_word' id='word_1_207' title='bbox 1144 2685 1178 2748; x_wconf 80' lang='grc'><strong>48</strong></span> 
     </span>
     <span class='ocr_line' id='line_1_29' title="bbox 180 2774 1177 2859; baseline -0.008 -18"><span class='ocrx_word' id='word_1_208' title='bbox 180 2777 323 2842; x_wconf 86' lang='lat' dir='ltr'><strong>clamat</strong></span> <span class='ocrx_word' id='word_1_209' title='bbox 348 2776 495 2852; x_wconf 77' lang='lat' dir='ltr'><strong>uictum</strong></span> <span class='ocrx_word' id='word_1_210' title='bbox 522 2775 618 2858; x_wconf 76' lang='lat' dir='ltr'><strong>date.</strong></span> <span class='ocrx_word' id='word_1_211' title='bbox 636 2775 700 2856; x_wconf 67' lang='lat' dir='ltr'><strong>hqd</strong></span> <span class='ocrx_word' id='word_1_212' title='bbox 722 2779 785 2852; x_wconf 76' lang='lat' dir='ltr'><strong>cst:</strong></span> <span class='ocrx_word' id='word_1_213' title='bbox 807 2776 979 2859; x_wconf 78' lang='lat' dir='ltr'><strong>mendiqat.</strong></span> <span class='ocrx_word' id='word_1_214' title='bbox 1025 2774 1177 2844; x_wconf 82' lang='lat' dir='ltr'><strong>succinit</strong></span> 
     </span>
     <span class='ocr_line' id='line_1_30' title="bbox 140 2863 1177 2953; baseline -0.006 -23"><span class='ocrx_word' id='word_1_215' title='bbox 140 2893 167 2935; x_wconf 79' lang='lat' dir='ltr'><strong>ro</strong></span> <span class='ocrx_word' id='word_1_216' title='bbox 181 2867 293 2931; x_wconf 82' lang='lat' dir='ltr'><strong>alter:</strong></span> <span class='ocrx_word' id='word_1_217' title='bbox 322 2865 528 2953; x_wconf 55' lang='lat' dir='ltr'><strong>subqeqqitur</strong></span> <span class='ocrx_word' id='word_1_218' title='bbox 556 2867 591 2930; x_wconf 78' lang='lat' dir='ltr'><strong>et</strong></span> <span class='ocrx_word' id='word_1_219' title='bbox 616 2863 703 2936; x_wconf 85' lang='lat' dir='ltr'><strong>canit</strong></span> <span class='ocrx_word' id='word_1_220' title='bbox 733 2863 768 2931; x_wconf 91' lang='lat' dir='ltr'><strong>id</strong></span> <span class='ocrx_word' id='word_1_221' title='bbox 800 2868 850 2938; x_wconf 78' lang='lat' dir='ltr'><strong>est</strong></span> <span class='ocrx_word' id='word_1_222' title='bbox 878 2864 1025 2950; x_wconf 84' lang='lat' dir='ltr'><strong>sequitur.</strong></span> <span class='ocrx_word' id='word_1_223' title='bbox 1051 2864 1129 2930; x_wconf 82' lang='lat' dir='ltr'><strong>alter</strong></span> <span class='ocrx_word' id='word_1_224' title='bbox 1149 2882 1177 2924; x_wconf 75' lang='lat' dir='ltr'><strong>ar</strong></span> 
     </span>
     <span class='ocr_line' id='line_1_31' title="bbox 179 2948 1177 3040; baseline -0.004 -22"><span class='ocrx_word' id='word_1_225' title='bbox 179 2955 270 3040; x_wconf 85' lang='lat' dir='ltr'><strong>petit.</strong></span> <span class='ocrx_word' id='word_1_226' title='bbox 321 2957 358 3032; x_wconf 70' lang='lat' dir='ltr'><strong>er,</strong></span> <span class='ocrx_word' id='word_1_227' title='bbox 380 2955 469 3036; x_wconf 68' lang='lat' dir='ltr'><strong>bene.</strong></span> <span class='ocrx_word' id='word_1_228' title='bbox 491 2951 688 3034; x_wconf 77' lang='lat' dir='ltr'><strong>cantilenam</strong></span> <span class='ocrx_word' id='word_1_229' title='bbox 719 2953 942 3032; x_wconf 77' lang='lat' dir='ltr'><strong>mendicorum</strong></span> <span class='ocrx_word' id='word_1_230' title='bbox 971 2953 1059 3024; x_wconf 82' lang='lat' dir='ltr'><strong>dixit</strong></span> <span class='ocrx_word' id='word_1_231' title='bbox 1142 2948 1177 3014; x_wconf 81' lang='lat'><strong>49</strong></span> 
     </span>
     <span class='ocr_line' id='line_1_32' title="bbox 181 3039 1178 3126; baseline -0.006 -18"><span class='ocrx_word' id='word_1_232' title='bbox 181 3043 339 3109; x_wconf 85' lang='lat' dir='ltr'><strong>diuiduo</strong></span> <span class='ocrx_word' id='word_1_233' title='bbox 384 3043 566 3110; x_wconf 87' lang='lat' dir='ltr'><strong>findetur.</strong></span> <span class='ocrx_word' id='word_1_234' title='bbox 629 3041 797 3125; x_wconf 83' lang='lat' dir='ltr'><strong>tapinosis.</strong></span> <span class='ocrx_word' id='word_1_235' title='bbox 860 3043 1015 3108; x_wconf 88' lang='lat' dir='ltr'><strong>nimirum</strong></span> <span class='ocrx_word' id='word_1_236' title='bbox 1056 3039 1178 3126; x_wconf 63' lang='lat' dir='ltr'><strong>satyrice</strong></span> 
     </span>
    </p>
   </div>
   <div class='ocr_carea' id='block_1_3' title="bbox 181 3198 1177 3697">
    <p class='ocr_par' dir='ltr' id='par_1_3' title="bbox 181 3198 1177 3697">
     <span class='ocr_line' id='line_1_33' title="bbox 237 3198 1177 3285; baseline -0.007 -27"><span class='ocrx_word' id='word_1_237' title='bbox 237 3209 268 3285; x_wconf 35' lang='lat'><strong>,1</strong></span> <span class='ocrx_word' id='word_1_238' title='bbox 287 3199 781 3272; x_wconf 80' lang='lat' dir='ltr'><strong>nc,ohom1nosoos;nehon11nem</strong></span> <span class='ocrx_word' id='word_1_239' title='bbox 800 3199 838 3270; x_wconf 74' lang='lat' dir='ltr'><em>M</em></span> <span class='ocrx_word' id='word_1_240' title='bbox 907 3205 928 3254; x_wconf 81' lang='lat'><strong>&#39;2</strong></span> <span class='ocrx_word' id='word_1_241' title='bbox 947 3215 1050 3272; x_wconf 66' lang='lat' dir='ltr'><strong>regere-</strong></span> <span class='ocrx_word' id='word_1_242' title='bbox 1063 3198 1102 3252; x_wconf 73' lang='grc' dir='ltr'><strong>Μ-</strong></span> <span class='ocrx_word' id='word_1_243' title='bbox 1164 3199 1177 3244; x_wconf 71' lang='grc'>4</span> 
     </span>
     <span class='ocr_line' id='line_1_34' title="bbox 181 3261 1176 3460; baseline -0.006 -62"><span class='ocrx_word' id='word_1_244' title='bbox 181 3273 576 3414; x_wconf 52' lang='lat' dir='ltr'><strong>annuntiis</strong></span> <span class='ocrx_word' id='word_1_245' title='bbox 593 3261 841 3401; x_wconf 63' lang='lat' dir='ltr'><strong>arcada.</strong></span> <span class='ocrx_word' id='word_1_246' title='bbox 864 3268 1176 3460; x_wconf 52' lang='lat' dir='ltr'><strong>trrflrtnrp</strong></span> 
     </span>
     <span class='ocr_line' id='line_1_35' title="bbox 182 3408 1176 3554; baseline -0.002 -18"><span class='ocrx_word' id='word_1_247' title='bbox 182 3413 630 3542; x_wconf 52' lang='lat' dir='ltr'><strong>mlmdderdieidlddedoddreferlri</strong></span> <span class='ocrx_word' id='word_1_248' title='bbox 640 3411 882 3550; x_wconf 28' lang='lat' dir='ltr'><strong>iiddoddlddM</strong></span> <span class='ocrx_word' id='word_1_249' title='bbox 902 3413 1074 3554; x_wconf 45' lang='lat' dir='ltr'><strong>reiddiitzrde</strong></span> <span class='ocrx_word' id='word_1_250' title='bbox 1092 3408 1176 3534; x_wconf 47' lang='lat' dir='ltr'><strong>{quati</strong></span> 
     </span>
     <span class='ocr_line' id='line_1_36' title="bbox 183 3551 1177 3624; baseline 0.01 -20"><span class='ocrx_word' id='word_1_251' title='bbox 183 3553 234 3605; x_wconf 85' lang='lat' dir='ltr'><strong>aut</strong></span> <span class='ocrx_word' id='word_1_252' title='bbox 253 3551 290 3604; x_wconf 90' lang='lat' dir='ltr'><strong><em>M</em></strong></span> <span class='ocrx_word' id='word_1_253' title='bbox 377 3558 411 3605; x_wconf 73' lang='lat'><strong>23</strong></span> <span class='ocrx_word' id='word_1_254' title='bbox 429 3569 563 3610; x_wconf 81' lang='lat' dir='ltr'><strong>reuocans</strong></span> <span class='ocrx_word' id='word_1_255' title='bbox 583 3553 621 3606; x_wconf 89' lang='lat' dir='ltr'><strong><em>M</em></strong></span> <span class='ocrx_word' id='word_1_256' title='bbox 678 3557 742 3607; x_wconf 76' lang='lat'><strong>-2‘1</strong></span> <span class='ocrx_word' id='word_1_257' title='bbox 761 3569 869 3612; x_wconf 74' lang='lat' dir='ltr'><strong>munes</strong></span> <span class='ocrx_word' id='word_1_258' title='bbox 892 3553 942 3624; x_wconf 76' lang='lat' dir='ltr'><strong>fig.</strong></span> <span class='ocrx_word' id='word_1_259' title='bbox 961 3555 1015 3609; x_wconf 87' lang='lat' dir='ltr'><strong>hoe</strong></span> <span class='ocrx_word' id='word_1_260' title='bbox 1034 3553 1072 3613; x_wconf 83' lang='grc' dir='ltr'><strong>Μ,</strong></span> <span class='ocrx_word' id='word_1_261' title='bbox 1148 3552 1177 3601; x_wconf 82' lang='grc'><strong>30</strong></span> 
     </span>
     <span class='ocr_line' id='line_1_37' title="bbox 182 3620 873 3697; baseline 0.006 -23"><span class='ocrx_word' id='word_1_262' title='bbox 182 3620 436 3688; x_wconf 85' lang='lat' dir='ltr'><strong>alteraspet1tM</strong></span> <span class='ocrx_word' id='word_1_263' title='bbox 504 3629 538 3676; x_wconf 81' lang='lat'><strong>32</strong></span> <span class='ocrx_word' id='word_1_264' title='bbox 556 3639 674 3676; x_wconf 88' lang='lat' dir='ltr'><strong>mmrum</strong></span> <span class='ocrx_word' id='word_1_265' title='bbox 694 3624 814 3697; x_wconf 71' lang='lat' dir='ltr'><strong>estmoe</strong></span> <span class='ocrx_word' id='word_1_266' title='bbox 835 3625 873 3678; x_wconf 91' lang='lat' dir='ltr'><strong><em>M</em></strong></span> 
     </span>
    </p>
   </div>
   <div class='ocr_carea' id='block_1_4' title="bbox 0 0 1222 3924">
    <p class='ocr_par' dir='ltr' id='par_1_4' title="bbox 0 0 1222 3924">
     <span class='ocr_line' id='line_1_38' title="bbox 0 0 1222 3924; baseline 0 0"><span class='ocrx_word' id='word_1_267' title='bbox 0 0 1222 3924; x_wconf 95' lang='lat' dir='ltr'><strong> </strong></span> 
     </span>
    </p>
   </div>
  </div>
 </body>
</html>
