2378 3934
153 139 216 204 150
517 148 521 156 ·
562 135 712 192 EPODON
731 141 757 189 1.

152 302 269 366 desne
308 319 455 366 sacram
491 299 675 366 metiente
711 300 748 362 te
779 297 880 362 uiam
911 298 1078 362 cumbis
1104 302 1166 362 ter

151 391 329 456 ulnarum
358 393 450 474 toga
482 393 523 452 ut
553 411 619 454 ora
647 389 777 451 uertat
807 385 879 450 huc
912 389 950 451 et
978 387 1053 450 huc
1076 409 1164 451 eun-

151 479 246 544 tium
269 478 468 543 liberrima
490 475 721 561 indignatio.
768 475 847 541 ordo
871 478 934 539 est:
967 476 1164 540 metientem

153 589 277 632 sacram
299 567 387 632 uiam
410 566 554 632 cumbis
577 568 628 629 ter
649 565 800 629 ulnarum
817 567 896 649 toga
921 565 1024 647 [utor;
1047 563 1081 628 id
1095 567 1168 648 est],

125 656 284 721 suidesne
314 658 351 720 ut
381 655 526 720 euntium
555 675 613 718 ora
634 653 698 718 huc
720 657 754 716 et
775 654 851 717 illuc
873 655 983 716 uertat
1004 653 1166 717 liberrima

152 743 342 830 indignatio.
389 742 552 830 significat
574 745 683 807 autem
704 742 861 826 populum
880 763 920 805 ex
932 741 1167 826 indignatione,

152 834 239 918 quod
269 833 323 896 ille
354 833 473 897 oblitus
503 831 697 895 conditionis
724 833 793 895 tam
815 830 1007 914 magnificus
1030 830 1167 912 incedat,

152 923 341 1004 detorquere
364 921 405 985 ab
429 921 485 985 illo
509 923 684 1004 aspectum.
730 923 763 983 et
788 920 870 984 bene
897 919 1099 984 liberrimam
1120 919 1168 981 in-

153 1010 374 1096 dignationem
397 1009 486 1093 dixit,
509 1009 596 1092 quod
617 1008 718 1072 libere
737 1029 774 1072 ac
791 1009 900 1092 palam
918 1007 1006 1071 hunc
1020 1006 1168 1072 uidentes

113 1099 188 1164 roin
211 1099 400 1162 seruitutem
422 1097 661 1162 inueherentur.
706 1117 787 1161 cum
815 1097 875 1161 bis
901 1100 961 1160 ter
991 1096 1169 1160 ulnarum

151 1191 252 1272 toga.
296 1187 382 1251 hanc
412 1191 519 1251 11111111
548 1186 668 1251 iustam
700 1188 796 1270 togae
818 1206 1003 1250 mensuram
1027 1185 1169 1249 1111111-

151 1273 370 1361 tellegendum
394 1279 451 1340 est.
521 1277 561 1339 11
593 1277 722 1340 sectus
749 1273 925 1360 flagellis
946 1273 1009 1337 hic
1032 1273 1169 1337 trium—

152 1365 352 1429 uiralibus.
396 1362 711 1429 triumuiralibus
735 1366 843 1427 autem
861 1361 947 1447 quod
962 1361 1081 1426 dixerit
1099 1385 1168 1446 spe-

153 1454 243 1518 cialis
266 1453 457 1518 elocutionis
480 1473 597 1538 genere
621 1473 716 1516 usum
739 1473 808 1516 esse
831 1473 890 1534 pro
913 1451 1056 1536 generali
1080 1455 1168 1534 puto.

113 1564 256 1626 rsneque
289 1542 375 1606 enim
408 1542 586 1605 triumuiris
623 1543 751 1604 tantum
786 1539 842 1604 sed
873 1539 971 1603 etiam
1000 1539 1073 1604 aliis
1114 1562 1168 1622 po-

152 1631 325 1694 testatibus
344 1631 394 1693 ius
413 1634 463 1694 est
481 1630 604 1694 alienos
624 1650 734 1695 seruos
752 1627 924 1713 flagellare.
995 1628 1037 1692 12
1060 1649 1168 1711 prae-

151 1719 261 1783 conis
285 1719 330 1782 ad
353 1719 564 1783 fastidium.
610 1739 735 1802 aspere:
760 1717 861 1781 donec
884 1716 972 1780 aliud
995 1717 1168 1802 agentibus

153 1806 331 1872 triumuiris
353 1828 470 1891 praeco
494 1828 566 1872 curn
590 1807 688 1871 uellet
707 1806 851 1871 desinere
866 1805 998 1870 iuberet.
1069 1805 1168 1869 13
1133 1811 1168 1869 e

155 1895 318 1998 Appiam
354 1897 503 1960 mannis
535 1896 637 1960 terit.
696 1895 861 1980 eleganter
892 1893 1056 1978 mannis,
1096 1895 1169 1978 quia

114 1985 327 2051 aonimiarum
364 1982 546 2050 delitiarum
584 1983 750 2048 affluentia
791 1987 841 2048 est
881 2004 980 2066 equos
1015 1983 1169 2047 burichos

154 2072 282 2138 habere.
328 2096 465 2138 mannos
494 2077 601 2137 autem
629 2093 728 2157 equos
755 2072 855 2157 uulgo
883 2071 1036 2136 burichos
1060 2073 1169 2155 appel-

154 2161 234 2224 lant.
278 2161 421 2245 Appiam
456 2165 564 2225 autem
600 2182 660 2244 pro
697 2160 841 2244 qualibet
871 2160 926 2224 uia
956 2161 1077 2244 posuit.
1129 2183 1169 2224 an

154 2249 310 2331 numquid
332 2250 474 2333 proprie,
511 2249 587 2332 quia
609 2248 739 2314 Falerni
766 2249 837 2334 agri
859 2249 1064 2333 meminerat,
1108 2247 1170 2334 q'uo

156 2336 277 2401 scilicet
262 2334 397 2438 tAppia
419 2338 474 2401 uia
491 2357 622 2402 necesse
646 2341 695 2402 est
717 2339 773 2402 ire.
837 2337 878 2402 15
901 2338 1170 2422 sedilibusque

114 2445 388 2578 sampigrpuset
356 2425 395 2489 in
430 2427 564 2510 primis
606 2425 913 2580 equestfflhffi,
944 2431 1169 2541 contempto

155 2535 194 2578 se
226 2535 243 2578 e
334 2513 531 2600 tmagnus
564 2537 661 2599 eques
715 2537 732 2580 e
800 2538 834 2580 se
915 2537 953 2580 us
980 2516 1016 2580 in
1038 2516 1167 2600 primis

155 2625 229 2668 cum
252 2603 434 2667 uehementi
451 2604 674 2689 indignatione
689 2604 814 2669 dicitur.
859 2625 898 2668 ex
912 2604 1167 2688 quattuordecim

155 2696 264 2758 autem
300 2692 480 2776 ordinibus,
521 2716 601 2776 quos
635 2694 706 2779 lege
743 2692 862 2768 Roscia
895 2691 981 2759 Otho
1015 2695 1166 2758 tribunus

154 2781 258 2865 plebis
295 2781 329 2844 111
366 2781 493 2846 theatro
530 2783 670 2866 equestri
706 2782 811 2847 ordini
848 2780 949 2864 dedit,
985 2781 1050 2847 duo
1073 2783 1168 2867 primi

115 2893 141 2934 co
157 2870 285 2934 ordines
307 2870 487 2935 tribuniciis
510 2872 680 2936 uacabant
749 2872 788 2936 17
831 2871 921 2956 quid
945 2871 1090 2936 attinet
1111 2874 1167 2936 tot

156 2980 222 3023 ora
243 2957 399 3022 nauium
418 2959 530 3044 graui
547 2963 720 3025 rostrata
739 2959 824 3024 duci
842 2961 1012 3044 pondere
1031 2963 1166 3025 contra

154 3047 328 3111 latrones
365 3049 478 3132 atque
515 3049 699 3112 seruilem
735 3071 893 3113 manum.
959 3070 1074 3113 sensus
1102 3053 1164 3112 est:

156 3134 233 3220 quid
270 3135 403 3220 prodest
437 3138 574 3202 classem
612 3137 761 3202 rostratis
792 3137 932 3202 nauibus
965 3137 1079 3202 ducere
1111 3137 1161 3201 ad·

156 3245 286 3288 uersum
314 3226 457 3290 latrones
481 3245 518 3290 ac
540 3201 710 3310 1111111101,
744 3246 825 3309 quos
849 3223 966 3290 Sextus
990 3224 1160 3310 Pompeius

229 3367 243 3413 1
263 3377 341 3415 11111
358 3363 491 3416 mentrme
509 3378 559 3415 ura
576 3363 616 3416 M
689 3369 705 3416 3
728 3365 882 3418 mentiente
901 3363 940 3418 M
1013 3367 1120 3419 lutor.
1137 3363 1166 3416 id

158 3429 200 3483 cst
217 3430 306 3483 deleat
390 3432 601 3501 'Imagmficais
622 3433 660 3486 M
740 3440 847 3489 9111111
867 3435 906 3488 M
986 3437 1166 3490 1111111111

157 3499 254 3568 athaa
271 3499 364 3554 deesse
391 3503 471 3568 toga:
494 3501 547 3556 hoo
571 3505 614 3558 est
637 3519 701 3557 curn
724 3521 772 3558 sex
790 3505 921 3560 ulnarum
938 3507 1045 3576 togag
1134 3510 1165 3558 18

158 3584 304 3624 cumcun
323 3570 363 3623 M
421 3577 454 3625 21
473 3573 599 3640 apellant
617 3574 656 3627 M
716 3580 750 3630 23
770 3591 818 3644 qm
837 3576 876 3628 M
941 3593 1011 3645 quos
1030 3577 1070 3630 M
1132 3579 1163 3628 27

157 3638 248 3694 decim
266 3653 316 3694 om.
336 3639 374 3692 M
416 3646 450 3695 30
471 3641 573 3698 ordrnrs
591 3644 752 3701 tribunatus
765 3645 907 3702 uocabant
920 3647 959 3700 M
1006 3653 1042 3702 30
1056 3649 1117 3718 qurt
1131 3645 1167 3699 M
