2378 3934
158 106 224 169 120
572 102 644 160 ODE
662 102 710 169 111,
728 109 772 157 so.

157 268 305 354 Aegypti
335 270 472 352 structa,
503 270 540 330 ut
571 265 657 329 inter
693 268 819 350 septem
850 265 1005 330 miracula
1027 265 1167 329 habean-

162 361 225 422 tur.
292 357 313 420 3
346 363 423 420 non
446 353 578 439 aquilo
601 354 787 440 inpotens
811 376 870 439 pro
894 354 1004 418 ‘ualde
1029 353 1169 438 potens'.

161 447 178 510 7
213 465 334 529 usque
371 464 441 529 ego
478 445 635 528 postera
672 463 841 507 crescam
876 442 990 507 laude
1030 463 1169 506 recens.

159 535 338 620 eleganter,
374 533 450 617 quia
483 553 609 615 semper
641 535 731 616 sunt,
767 532 883 616 quibus
919 532 999 596 haee
1035 531 1169 595 elocutio

131 642 246 687 cnoua
270 622 313 687 sit
326 624 359 686 et
371 621 528 685 laudetur.
597 621 617 684 8
641 619 726 684 dum
750 617 988 703 Capitolium
1012 620 1169 684 scandet

160 733 243 776 cum
265 710 389 776 tacita
411 709 565 793 uirgine
587 708 778 791 pontifex.
822 709 888 772 tale
912 713 961 772 est
983 709 1064 772 illud
1079 705 1168 770 Uer-

160 799 361 885 gilianum:
393 797 490 862 Dum
518 797 651 861 domus
680 796 833 862 Aeneae
857 795 1031 882 Capitoli
1053 796 1168 860 inmo-

160 889 238 952 bile
262 908 393 951 saxum
415 875 587 950 Accolet.
657 885 699 950 10
731 885 912 969 Aufidus,
942 885 1066 950 flumen
1088 883 1169 967 Apu-

159 976 231 1060 liae,
253 975 290 1038 in
313 997 377 1059 qua
399 973 555 1039 Horatius
568 977 666 1038 natus
681 977 738 1039 est.
808 975 848 1038 11
872 978 910 1038 et
933 996 1005 1058 qua
1028 995 1171 1057 pauper

119 1084 280 1147 reaquae
303 1063 463 1128 Daunus
487 1063 701 1148 agrestium
723 1063 907 1148 regnauit
932 1063 1170 1148 populorum.

160 1151 297 1216 Daunus
328 1153 365 1215 in
386 1151 508 1236 Apulia
538 1152 702 1236 regnauit,
739 1151 875 1216 a'cuius
902 1152 1035 1217 nomine
1058 1151 1169 1215 fluuius

162 1241 343 1325 appellatus
367 1243 431 1325 est,
455 1241 510 1325 qui
532 1261 655 1324 pauper
678 1262 780 1325 aquae
804 1239 934 1324 dicitur,
956 1240 1034 1325 quia
1057 1239 1171 1322 Apulia

162 1330 331 1395 siticulosa
367 1333 418 1394 est
436 1328 495 1394 'ob
527 1329 645 1394 nimios
678 1329 811 1394 calores.
884 1330 924 1392 11
963 1330 1171 1414 agrestium

161 1418 348 1504 regnauit
383 1419 620 1502 populorum.
666 1417 853 1482 adnotanda
881 1417 1019 1482 elocutio
1044 1439 1103 1501 per
1124 1439 1170 1502 ge-

123 1527 149 1568 15
163 1508 309 1572 netiuum
331 1507 480 1592 figurata.
550 1506 590 1570 12
614 1527 656 1572 ex
678 1505 816 1570 humili
838 1510 986 1590 potens.
1018 1507 1173 1592 gloriatur

161 1596 314 1660 libertino
347 1597 440 1678 patre
471 1598 586 1659 natum
614 1616 648 1658 se
676 1594 715 1658 ad
739 1598 866 1660 tantam
908 1595 1091 1661 claritatem
1114 1601 1171 1660 stu·

162 1684 289 1747 diorum
323 1682 517 1766 peruenisse.
622 1684 663 1748 13
708 1682 887 1748 Aeolium
931 1705 1087 1750 carmen
1132 1685 1171 1747 sd

161 1771 286 1836 Italos
309 1770 511 1835 deduxisse
533 1772 674 1837 modos.
718 1772 854 1838 Aeolide
877 1773 1015 1838 dialecto
1038 1774 1169 1844 Alcaeus

161 1860 282 1944 lyricus
318 1863 415 1944 poeta
450 1882 528 1925 usus
564 1863 621 1925 est.
665 1863 813 1944 testatur
841 1883 918 1948 ergo
956 1883 990 1926 se
1021 1861 1171 1926 Horatius

124 1971 151 2012 ro
165 1949 282 2015 Graeci
318 1949 471 2014 carminis
507 1949 742 2014 modulationes
778 1951 920 2035 primum
956 1950 992 2014 in
1026 1949 1170 2015 Latinam

90 2029 99 2044 ’
161 2039 309 2124 linguam
336 2039 518 2103 contulisse.
589 2038 630 2102 14
666 2060 769 2103 sume
805 2040 1026 2124 superbiam
1063 2061 1170 2123 quae-

164 2127 279 2190 sitam
313 2126 474 2190 meritis.
521 2126 562 2190 ad
594 2125 722 2192 Musam
754 2127 845 2212 dicit,
882 2150 920 2193 ac
945 2150 1004 2212 per
1025 2128 1099 2213 hoc,
1136 2127 1171 2190 ad

164 2213 307 2278 studium
331 2235 433 2278 suum.
479 2213 609 2299 adrogo,
641 2216 759 2300 inquit,
792 2217 853 2281 tibi
876 2217 1013 2302 gloriam
1030 2217 1172 2281 ubertate

163 2301 288 2386 ingenii
325 2303 513 2385 quaesitam.
606 2303 648 2368 15
692 2306 908 2388 quaesitam
952 2305 1102 2370 meritis
1139 2318 1171 2368 et

121 2389 256 2454 asmilri
278 2389 470 2474 Delphica
500 2391 611 2456 lauro
643 2393 756 2479 cinge
778 2394 915 2459 uolens
937 2393 1170 2478 Melpomene

164 2501 315 2544 comam.
360 2477 520 2564 Delphica
542 2481 652 2545 laurus
675 2482 799 2567 dicitur,
816 2484 898 2567 quia
914 2483 1061 2567 Apollini
1083 2487 1172 2568 grata

164 2573 227 2654 est,
263 2567 319 2654 qui
336 2565 512 2653 Delphicus
540 2570 721 2654 appellatur
743 2572 784 2634 ab
807 2572 887 2637 urbe
909 2568 1059 2656 Delphis,
1093 2592 1170 2655 quae

164 2662 214 2723 est
233 2657 292 2724 sub
315 2656 479 2724 Parnasso
502 2663 626 2744 monte,
649 2658 706 2724 ubi
729 2660 895 2725 oraculum
918 2660 986 2725 eius
1009 2664 1066 2726 est

146 2836 150 2842 ·
236 2823 251 2869 7
270 2817 337 2870 Aen.
358 2823 383 2886 9,
402 2821 454 2871 448

163 2915 377 2926 -ι--ι--ι-

235 2956 365 3010 csend&
385 2957 423 3010 M
495 2963 593 3012 lcum
612 2962 637 3010 et
656 2958 783 3026 caprtohr
803 2959 841 3012 M
917 2961 1059 3014 eoratms
1078 2959 1113 3012 M

165 3034 199 3082 18
218 3027 346 3082 aeohdae
366 3027 404 3080 M
479 3035 511 3083 19
532 3030 636 3083 oratius
656 3029 695 3082 M
777 3030 1119 3085 allevamentum
1134 3033 1169 3082 est

141 3101 195 3153 ‘ia
215 3098 254 3152 M
339 3103 372 3152 23
405 3099 533 3152 ubertate
564 3113 627 3154 cos:
658 3099 790 3154 libertate
819 3099 858 3154 M
945 3106 978 3154 25
1006 3101 1107 3156 deliaca
1123 3101 1165 3164 111,

163 3169 308 3239 appollrm,
327 3169 452 3237 deificus,
470 3169 553 3224 delsrs
572 3169 611 3223 M
671 3175 705 3224 25
724 3186 836 3239 cmgere
856 3172 895 3226 M
947 3177 1168 3240 asperrimae

162 3242 196 3294 ia
214 3255 231 3294 a
249 3256 332 3308 cora,
356 3239 394 3293 M
462 3239 631 3294 POMPONI
652 3240 901 3297 Poarraloms
924 3239 1168 3298 COMENTARIO·

162 3318 245 3371 RVM
263 3307 330 3372 LIB.
349 3318 397 3371 III·
415 3317 593 3372 EXPLICIT·
612 3319 748 3374 INCIPIT
767 3321 885 3376 LIBER·
904 3321 965 3376 ΙΠΙ.

564 3533 777 3547 *—
