2378 3934
373 137 444 196 ODE
464 139 512 208 IV,
532 147 574 196 13.

376 371 447 428 ona
466 377 491 442 r,
513 379 555 429 13.

69 480 237 545 ludinere
260 479 360 564 Lyce
383 482 419 546 di
443 503 523 546 mea
546 485 645 546 uota.
692 482 733 546 ad
746 481 854 565 Lycen
866 484 969 568 loqui·

20 570 103 654 mdc
130 569 214 634 cuim
248 570 398 653 superbia
427 571 464 634 in
494 570 591 636 tertio
620 574 751 655 questus
780 572 890 636 estin
912 573 968 638 illa

20 661 55 740 ric,
71 659 140 722 cuius
156 659 285 723 initium
313 662 363 723 est
388 659 611 724 Extremum
634 659 783 724 Tanain
807 661 838 725 si
861 662 967 727 bibe·

20 771 49 814 ns
63 747 143 831 lyce.
186 768 265 832 ergo
290 751 487 814 senectutem
510 749 558 813 illi
580 771 667 814 nunc
690 750 878 834 obprobrat,
910 771 993 835 pers

20 859 72 922 pm
84 837 199 922 ingrata
216 837 388 902 iuuenibus
407 837 495 902 facta
508 837 680 903 fastiditur.
743 839 764 904 2
784 842 820 902 et
838 842 967 904 tamen

20 927 49 990 ris
76 925 228 990 formosa
263 926 399 991 uideri.
444 927 526 991 uelle
554 927 644 991 illam
676 928 823 992 lasciuire
847 929 905 1012 ait,
936 933 969 994 ct

20 1015 52 1080 ta
68 1015 132 1078 bene
153 1014 301 1079 additum
325 1013 517 1099 ‘inpudens’.
585 1015 607 1081 5
639 1013 864 1100 Cupidinem
887 1018 967 1082 len·
1066 1089 1070 1095 ,

20 1103 56 1168 lm
78 1102 267 1169 sollicitas.
312 1104 379 1168 ille
408 1104 588 1169 uirentis:
625 1105 746 1170 scilicet
769 1103 969 1192 Cupidinem,
1041 1145 1044 1152 ,

20 1191 43 1276 pi
61 1191 116 1258 ideo
146 1192 255 1257 lentus
287 1196 351 1276 cst,
388 1193 541 1276 quoniam
571 1197 608 1257 tu
639 1194 669 1258 ei
697 1195 827 1278 ingrata
855 1215 889 1258 es
912 1218 969 1279 per
981 1217 1008 1258 ιο

20 1285 106 1350 entem.
192 1281 214 1345 6
251 1281 318 1346 ille
356 1282 521 1347 uirentis
559 1288 607 1347 et,
632 1282 766 1346 doctae
802 1283 968 1366 psallere

20 1363 84 1442 [liae
106 1370 249 1453 pulcris
273 1372 437 1435 excubat
459 1372 498 1436 in
523 1372 645 1454 genis:
692 1369 815 1454 Cupido
840 1371 968 1436 scilicet.

20 1457 35 1522 l
50 1459 128 1522 mlta
156 1462 268 1523 autem
299 1459 447 1524 decoram
477 1481 547 1526 esse
571 1458 686 1526 Chiam
717 1460 789 1524 uult
815 1460 969 1546 intellegi,

20 1546 58 1630 'pud
74 1552 100 1611 et
115 1548 235 1613 uirenti
258 1551 363 1613 aetate
388 1549 430 1612 sit
454 1553 486 1614 et
509 1550 605 1614 docta
629 1550 671 1614 sit
684 1549 822 1632 psallere
836 1551 868 1613 et
883 1551 968 1633 quod

20 1635 61 1716 n's
84 1659 116 1700 ac
146 1658 207 1720 per
233 1637 296 1702 hoc
327 1637 427 1702 oculis
450 1638 570 1722 pulcris
594 1639 649 1722 sit3
687 1641 720 1702 et
742 1638 814 1703 ideo
839 1635 1008 1722 Cupidi-rs

20 1724 97 1788 inin
123 1724 204 1808 ipsis
236 1727 328 1812 genis
359 1727 427 1790 eius
450 1727 532 1792 dixit
555 1727 720 1792 excubare.
789 1727 809 1792 9
842 1727 968 1811 inpor-

20 1817 77 1880 uus
101 1815 200 1879 enim
233 1816 457 1880 transuolat
480 1816 608 1881 aridas
632 1837 804 1900 quercus.
850 1817 969 1902 allego·

20 1900 54 1980 ins
76 1903 198 1968 aridas
233 1926 394 1988 quercus
433 1927 492 1989 pro
524 1907 614 1970 senio
643 1905 786 1970 adfectas
819 1905 968 1971 mulieres

20 1991 241 2076 ,inportunus
264 1993 373 2060 iocosa
396 1994 501 2059 ironia
520 1994 644 2059 dicitur.
715 1993 755 2058 13
778 2014 847 2057 nec
870 1991 968 2060 Coae

20 2077 126 2166 piarunt
168 2082 245 2146 iam
277 2083 351 2147 tibi
386 2105 578 2168 purpurae
610 2104 679 2148 nec
709 2083 787 2148 cari
809 2083 1009 2166 lapideam

20 2171 195 2256 postquod
230 2173 433 2256 supradixit
469 2176 506 2237 et
535 2177 662 2237 tamen
690 2173 749 2236 uis
771 2171 970 2238 formonsa

20 2252 86 2342 lteri.
127 2260 297 2345 significat
324 2263 409 2326 enim
436 2263 525 2327 illam
552 2261 739 2346 puellariter
768 2283 801 2325 se
824 2264 914 2326 ueste
937 2266 971 2326 et

20 2345 89 2426 lunis
119 2351 278 2415 excolere.
349 2352 390 2414 14
422 2371 517 2434 qnae
545 2351 660 2416 semel
684 2350 789 2414 notis
812 2350 969 2417 condita

20 2429 72 2498 ldis
89 2438 257 2504 inclusit
280 2440 450 2505 uolucris
474 2439 570 2504 dies:
594 2461 676 2523 qnae
699 2439 764 2503 iam
785 2442 873 2503 retro
897 2443 970 2504 acta

20 2527 49 2602 ,l
114 2527 160 2592 20
193 2550 291 2612 quae
313 2550 369 2592 me
393 2532 600 2612 surpuerat
622 2528 716 2592 mihi
743 2527 863 2592 idest:
896 2528 1009 2592 sub-rs

20 2603 104 2680 bont.
173 2617 217 2682 21
260 2616 354 2681 felix
391 2621 481 2702 post
510 2615 688 2688 Cinaram
724 2621 896 2700 notaque
933 2626 970 2680 et

38 2701 89 2768 ium
118 2709 324 2790 gratarum
355 2706 488 2771 facies.
533 2710 622 2790 post
653 2703 829 2771 Cinaram
860 2707 969 2768 utrum

38 2795 208 2872 qualitatem
231 2795 372 2878 pertinet
395 2818 437 2860 an
460 2796 502 2859 ad
524 2799 662 2880 tempus,
684 2795 717 2858 id
741 2797 790 2859 est
813 2792 971 2858 ‘secunda

36 2879 191 2948 chritudine
229 2880 407 2948 aCinara'
445 2906 487 2949 an
524 2883 616 2969 ‘post
650 2884 740 2948 illam
776 2882 971 2968 defunctam,

28 2965 69 3032 *de
79 2972 155 3036 felix
170 2972 428 3057 pulcritudine'?
492 2975 535 3040 28
555 2974 744 3057 dilapsam
763 2972 802 3035 in
821 2973 969 3037 cineres
982 2989 1009 3031 ³⁰

20 3229 21 3232 ,
43 3201 99 3254 roc.
118 3208 146 3271 a,
170 3209 215 3257 10.

20 3253 164 3332 μ

42 3377 159 3435 lbrbens
183 3378 223 3434 M
293 3377 466 3446 tobprobat
485 3379 523 3432 M
612 3379 719 3432 tuelle
739 3377 787 3432 M:
806 3377 917 3444 belles

20 3423 85 3504 bare
102 3452 142 3504 M
233 3457 330 3506 tnui.
351 3450 389 3503 M
473 3455 506 3504 10
526 3465 567 3504 esr
591 3451 634 3503 est
653 3449 691 3502 M
769 3455 800 3501 11
821 3451 862 3500 et:
882 3464 915 3501 eo
935 3448 972 3501 Μ

43 3526 62 3571 lt
77 3523 203 3592 excupat
218 3539 249 3576 ln
268 3537 355 3590 genus
375 3521 413 3574 Μ
485 3526 517 3573 13
536 3519 655 3574 multam
675 3519 713 3572 Μ
782 3517 873 3573 thiam
893 3517 931 3570 M

35 3590 103 3652 llltnu
118 3595 158 3658 (h
179 3609 203 3648 s.
223 3593 240 3648 l.
259 3609 294 3647 m.
313 3595 352 3660 1.)
371 3591 409 3645 M
504 3595 535 3644 19
571 3589 666 3644 iocosa
692 3588 782 3642 ironia
803 3603 866 3642 nos:
893 3602 969 3640 rocus

20 3692 38 3738 st
56 3659 94 3721 aa
112 3665 153 3718 M
229 3679 297 3718 caoe
317 3663 355 3716 M
426 3667 459 3715 ab
479 3675 564 3728 quam
584 3659 622 3712 M
