2378 3934
183 143 252 210 240
510 141 633 199 sunno
651 143 673 212 1,
693 147 736 213 10,
754 145 869 197 ss-n.

184 306 296 390 purior
318 308 377 372 est
467 305 509 372 36
537 304 717 390 turgidus
739 303 906 388 Alpinus
933 302 1085 388 iugulat
1104 305 1168 368 dum

184 394 402 461 Memnona:
437 395 633 460 hexametris
665 392 813 459 uersibus
845 391 1001 458 nimirum
1035 393 1168 458 describit

185 487 219 549 et
239 483 323 550 belle
351 482 490 569 ‘iugulat
510 481 698 549 Memnona'
726 481 853 566 dilogos
875 481 930 546 ait
975 503 1053 546 nom
1073 482 1126 546 sub
1144 505 1168 546 ea

186 751 248 815 lari
283 751 360 816 dum
395 750 480 815 made
516 749 654 834 scripsit
739 750 783 815 36
820 748 983 832 dumque
1020 749 1168 834 diffingit

185 837 312 904 Rheni
334 838 481 904 luteum
503 841 626 922 caput.
672 841 706 901 et
727 837 791 904 hoc
814 837 951 924 dilogos.
988 837 1166 902 namiade

187 926 356 992 scribendo
383 925 514 1012 Rheno,
545 927 602 1012 qni
629 929 716 992 reete
747 927 855 992 luteus
887 925 1019 1012 dieitur,
1050 926 1128 1012 quod
1153 948 1168 991 e

185 1014 316 1080 turbida
338 1036 466 1102 semper
487 1037 572 1101 aqna
594 1018 627 1080 et
648 1015 773 1082 limosis
795 1015 875 1100 ripis
889 1016 942 1101 sit,
965 1016 1059 1100 quusi
1073 1017 1110 1082 ab
1122 1017 1168 1100 ips(

147 1121 174 1163 10
185 1106 283 1188 poeta
314 1105 438 1170 luteum
468 1105 540 1170 fieri
566 1105 653 1170 mula
680 1104 896 1189 descriptione
924 1104 1076 1170 ostendit.
1120 1104 1167 1168 dit

185 1192 308 1278 fingit
326 1196 435 1258 autem
449 1192 592 1280 ‘figurat'
616 1215 654 1258 ao
671 1214 729 1277 per
746 1192 810 1258 hoo
828 1191 1008 1258 ‘describit’
1028 1193 1168 1279 significat

275 1281 318 1347 37
346 1281 440 1348 haec
467 1302 537 1368 ogo
564 1282 654 1348 ludo
683 1303 779 1367 quac
805 1303 931 1368 neque
959 1282 1001 1346 in
1024 1282 1111 1347 aedo
1131 1305 1163 1345 so

185 1372 288 1436 nent.
333 1373 367 1436 et
389 1393 487 1456 supra
510 1371 659 1456 diximus,
680 1371 880 1436 uereoundos
902 1371 972 1436 fere
995 1374 1105 1456 poetas
1123 1391 1168 1434 uer

186 1479 241 1524 sus
256 1481 333 1526 suos
346 1460 436 1526 lusus
452 1460 564 1526 dicere.
610 1461 652 1526 38
666 1480 759 1544 quoe
779 1479 893 1542 oeque
910 1461 952 1525 io
971 1461 1056 1528 aedo
1071 1479 1162 1526 sones

147 1565 174 1606 rs
187 1552 217 1612 ot
227 1548 356 1631 reliqna
388 1549 435 1613 ait
449 1569 483 1614 se
496 1549 531 1614 id
543 1569 647 1635 genus
661 1549 811 1614 carminis
827 1549 979 1633 seribere,
998 1547 1082 1636 quod
1094 1547 1168 1614 Maec

186 1634 314 1720 Tar-pac
345 1636 480 1702 arbitrio
511 1659 579 1704 non
611 1637 798 1704 subiciatur.
855 1659 933 1703 nam
961 1638 999 1704 hi
1028 1639 1104 1722 fore,
1134 1659 1168 1720 qu

186 1743 300 1789 scenae
319 1725 511 1812 scribebant,
529 1726 571 1792 ad
584 1725 725 1812 Tarpam
744 1726 831 1792 bunc
848 1727 941 1792 uelut
956 1727 1168 1798 emendatorem

186 1832 225 1877 ea
247 1811 445 1881 adferebant.
513 1816 556 1883 38
584 1837 681 1901 quae
707 1837 830 1902 neque
856 1816 897 1880 in
925 1817 1020 1882 aede
1046 1819 1168 1964 sonent

185 1901 221 1966 in
243 1901 321 1968 aede
343 1901 520 1990 Musarum,
542 1904 598 1970 ubi
620 1909 736 1990 poetae
759 1905 904 1970 carmina
927 1927 989 1971 sua
1010 1904 1156 1972 recitaban

145 2007 173 2049 ²⁰
274 1993 320 2058 40
342 1997 480 2079 arguta
505 1994 709 2060 meretrice
735 1997 846 2078 potes
868 1994 1056 2080 Dauoque
1082 1992 1167 2059 Chre

186 2083 296 2146 meta.
325 2083 431 2148 solum
443 2083 508 2148 illis
530 2083 732 2167 temporibus
753 2083 873 2149 Gaium
893 2081 1097 2150 Fundanium
1117 2081 1167 2145 diei

187 2169 387 2234 comoediam
416 2171 499 2236 bene
532 2173 683 2257 seribere,
715 2175 750 2237 at
776 2171 957 2239 Pollionem
988 2171 1129 2260 tragoedi

186 2275 268 2337 quae
299 2257 456 2323 trimetris
487 2260 635 2327 uersibus
667 2262 734 2328 fere
765 2262 900 2346 texitur,
931 2263 1060 2348 epicum
1089 2262 1151 2325 aute

186 2365 316 2409 carmen
338 2345 536 2414 ualidissimo
558 2347 704 2436 Uarium,
726 2351 824 2416 mollo
846 2373 925 2417 nero
945 2352 995 2418 ait
1015 2355 1051 2417 et
1067 2352 1166 2434 elegen

146 2448 172 2490 τε
185 2430 376 2520 Uergilium.
421 2436 478 2501 sed
500 2442 650 2525 apparet,
672 2461 746 2505 oum
768 2440 831 2506 hoc
853 2439 1013 2507 Horatius
1038 2439 1166 2508 scriberet

186 2523 256 2589 sola
282 2522 386 2590 adhuc
413 2523 568 2592 Bucolica
598 2531 633 2593 et
659 2527 820 2615 Georgica
845 2528 984 2616 Uergilii
1016 2531 1052 2596 in
1079 2525 1166 2598 notio

185 2611 294 2679 fuisse.
382 2614 426 2680 46
449 2615 520 2682 hoo
549 2621 634 2682 crat
656 2621 815 2703 experto
837 2620 987 2685 trustra
1009 2624 1045 2684 et
1065 2618 1153 2700 reliqu

186 2724 285 2786 quum
318 2702 373 2767 alii
404 2699 472 2770 olto
503 2707 682 2772 carminum
714 2727 834 2793 genera
866 2712 1087 2774 consummate
1116 2701 1164 2769 sori

185 2789 312 2875 berent,
340 2813 477 2876 quorum
498 2795 698 2862 mentionem
723 2796 852 2881 habuit,
880 2819 1066 2862 sermonum
1087 2795 1165 2860 auten

258 2983 463 3057 mansa
1164 3069 1165 3080 ἵ

255 3152 272 3202 2
291 3149 441 3230 monstris
452 3147 497 3216 M,
512 3147 672 3208 Masonem.
691 3148 835 3206 Cornelius
848 3149 969 3224 Alpinus
982 3152 1124 3208 Memnona
1139 3123 1165 3232 hd

183 3219 355 3288 xametrrsg
425 3221 603 3276 mmrumM
671 3220 894 3294 odtffingotM
964 3218 1164 3291 lomffingatt

257 3289 444 3345 ldlusosM
541 3289 756 3354 Immadds‘di
863 3296 1037 3350 lbmeolta
1102 3291 1164 3354 Μ

183 3358 299 3414 Hennes
316 3365 344 3426 8,
362 3366 399 3414 89
461 3366 494 3416 19
512 3362 593 3430 poda
612 3363 650 3417 M
709 3369 746 3424 20
763 3366 865 3436 potens
883 3365 1022 3434 clauoque
1082 3361 1164 3420 Remu

185 3427 224 3479 Μ
302 3435 337 3482 22
355 3430 545 3485 comediarum
564 3433 609 3500 M,
627 3435 824 3506 comoediasg
899 3442 934 3491 26
949 3435 1164 3493 ombussonben

185 3495 224 3548 M
285 3501 320 3550 26
337 3497 483 3555 buboolrta
500 3501 533 3556 in
549 3501 680 3560 bnoolroa
697 3521 768 3562 corr.
785 3524 820 3562 m.
839 3511 865 3562 1.
882 3507 921 3562 M
980 3523 1070 3580 nergn
1086 3503 1164 3663 Inoo}

185 3563 230 3632 M,
249 3564 362 3634 nergilii
378 3569 464 3622 notu?
535 3579 570 3627 27
588 3573 679 3630 frusta
695 3577 735 3631 M
802 3583 839 3634 28
857 3595 956 3650 quum:
976 3584 1025 3648 qffi
1043 3577 1143 3650 (quonia

185 3633 224 3686 M
293 3641 493 3694 comsummata
512 3642 551 3694 M
625 3649 659 3700 29
678 3663 835 3703 sermonem
854 3649 893 3703 M
