2416 3934
208 155 250 219 36
576 150 650 207 onn
669 153 689 222 1,
709 155 744 207 so
762 155 792 207 a
810 158 852 207 31.

207 321 278 402 tur,
315 316 391 400 quia
422 314 517 380 amici
550 315 675 380 animos
708 316 831 381 solutos
864 337 901 380 ac
934 316 1037 382 nudos
1070 317 1148 381 inter
1174 341 1193 381 st

207 406 327 472 habere
351 403 477 470 debent.
547 405 566 468 7
597 407 634 468 at
664 423 797 488 parum
830 405 950 470 comis
983 405 1064 471 sine
1095 408 1137 471 te.
1175 407 1193 470 ir

208 499 258 560 est
287 493 429 559 ‘minus
460 491 634 579 elegans'
665 493 748 557 sine
776 495 815 558 te
844 493 907 559 hoc
930 495 981 558 est
1007 491 1193 559 ‘uenustate’

210 585 291 650 scire
319 585 428 648 autern
457 582 610 646 debemus
633 580 794 646 Uenerem
823 603 892 647 non
921 585 1050 647 tantum
1073 584 1192 649 concubi

183 677 312 757 smum,
325 693 438 737 uerum
452 671 550 735 etiam
565 669 730 736 dominam
744 691 814 735 esse
825 671 970 736 omnium
980 671 1193 759 elegantiarum

210 763 255 832 sic
280 760 358 826 alibi
380 761 464 845 ipse:
495 757 652 825 Ordinis
674 758 769 825 haec
791 759 918 825 uirtus
941 761 1016 825 erit
1039 766 1076 826 et
1097 784 1193 826 uenus

626 933 699 990 oon
720 942 744 1003 1,
763 940 806 989 ar.

299 1043 397 1120 Quid
420 1043 636 1109 dedicatum
657 1043 901 1130 poscit'Acu.
955 1044 1118 1129 Apollinis
1137 1049 1193 1108 tem

210 1136 301 1220 plum
319 1134 354 1198 in
368 1132 496 1198 Palatio
510 1133 679 1219 Augustus
698 1131 868 1198 dedicauit.
906 1154 984 1219 ergo
1008 1133 1188 1198 ‘dedicatum

171 1245 197 1284 ro
211 1246 279 1290 non
302 1222 340 1288 ‘a
362 1221 412 1288 se'
437 1221 514 1287 dicit
535 1226 631 1306 poeta
649 1222 706 1287 sed
729 1221 803 1308 ‘qui
826 1221 948 1306 alioqui
967 1222 1129 1288 dedicatus
1145 1221 1193 1286 est’

211 1315 318 1400 ipsum
351 1315 459 1376 autem
492 1311 679 1396 Apollinem
710 1310 893 1377 dedicatum
925 1311 971 1376 ait
1006 1335 1067 1398 pro
1102 1311 1193 1395 templ

214 1403 291 1468 eius.
351 1401 371 1464 3
395 1422 472 1466 non
495 1400 644 1484 opimae
668 1398 871 1466 Sardiniae
894 1403 1046 1488 segetes
1067 1401 1193 1466 feraces

212 1493 313 1576 negat
335 1511 369 1554 se
391 1491 490 1574 poeta
513 1488 555 1553 ab
574 1488 726 1572 Apolline
750 1511 788 1554 ea
809 1492 928 1575 petere,
951 1511 1035 1576 quae
1059 1491 1098 1556 ad
1120 1489 1190 1554 auari

213 1581 294 1644 tiam
322 1579 484 1663 spectant,
512 1599 625 1643 uerum
651 1577 761 1662 potius
783 1577 904 1643 bonam
925 1579 1071 1645 mentem
1091 1579 1193 1644 bonan

112 1729 115 1738 Δ
175 1689 201 1730 rs
215 1688 277 1754 que
310 1668 454 1750 corporis
485 1688 588 1750 usque
620 1666 661 1731 ad
692 1666 842 1734 ultimam
873 1671 1039 1733 senectam
1069 1666 1193 1734 ualetudi

210 1778 294 1823 nem.
365 1757 383 1820 7
416 1777 494 1822 uon
525 1777 616 1821 rura
646 1778 744 1840 quae
777 1753 880 1820 Liris
914 1758 1049 1842 quieta
1080 1755 1193 1822 morde

211 1868 319 1932 aqua.
364 1844 448 1910 Liris
474 1845 598 1911 fluuius
627 1849 677 1910 est
703 1845 739 1909 in
762 1842 941 1931 Campania
963 1845 1141 1911 interfluens
1160 1865 1193 1907 ur·

210 1936 285 2002 bern
299 1934 568 2000 Minturnensem.
604 1935 659 2000 hic
672 1938 782 1999 autern
794 1933 957 2000 lenissime
975 1935 1108 2019 labitur3
1126 1947 1193 2018 quen

212 2024 285 2091 ideo
304 2025 503 2090 taciturnum
521 2023 610 2088 dixit.
678 2023 698 2088 9
717 2026 895 2109 premant
917 2021 1098 2090 Calenam
1121 2023 1191 2086 talu

171 2135 198 2174 so
213 2135 244 2198 q.
267 2113 297 2176 d.
319 2113 342 2178 f.
365 2136 395 2176 u.
441 2109 534 2178 Gales
564 2112 719 2196 oppidum
748 2113 784 2176 in
814 2133 892 2199 agro
923 2109 1067 2179 Sidicino
1095 2111 1190 2205 est3q

213 2201 269 2266 illa
292 2204 401 2265 autem
423 2201 556 2284 regione
578 2200 658 2264 uina
675 2197 814 2266 Falerna
835 2205 1022 2268 nascuntur.
1064 2223 1135 2288 ergo
1154 2199 1189 2287 hq

213 2289 273 2354 ait:
305 2289 495 2372 possideant
522 2289 683 2373 pretiosos
705 2288 838 2373 fundos,
868 2290 984 2374 quibus
1005 2291 1070 2357 hoc
1090 2291 1188 2370 formu

213 2377 381 2442 concessit.
450 2377 492 2442 10
515 2377 623 2442 diues
654 2379 695 2441 ut
724 2379 852 2443 aureis
882 2383 1074 2446 mercator
1101 2379 1187 2454 exsiq

213 2469 274 2534 cet
305 2466 465 2531 culullis
491 2488 551 2551 pro
584 2467 708 2550 poculis
741 2466 830 2532 dixit.
883 2468 1013 2554 proprie
1042 2473 1143 2535 autem
1161 2485 1186 2536 tt

172 2578 198 2620 as
211 2555 310 2622 lullae
338 2556 452 2621 calices
484 2559 560 2621 sunt
589 2555 720 2639 quidam
748 2556 875 2640 fictiles,
907 2557 1024 2641 quibus
1057 2555 1185 2643 pontificu

212 2646 419 2734 uirginesque
450 2643 600 2710 Uestales
631 2645 668 2709 in
699 2647 798 2711 sacris
829 2648 974 2710 utuntur.
1063 2648 1102 2712 12
1129 2643 1184 2708 uin

212 2733 307 2820 Syra
329 2735 512 2890 reparata
534 2755 666 2799 merce.
708 2735 800 2819 quasi
823 2739 1022 2801 commutata
1044 2735 1117 2801 uina
1137 2723 1183 2814 syl

213 2845 326 2889 merce.
364 2889 365 2894 ,
394 2847 486 2910 yram
513 2827 622 2890 autem
649 2845 787 2889 mercem
813 2823 1078 2908 pretiosissimam
1105 2820 1172 2887 acci'

214 2933 295 2996 quae
326 2913 447 2978 scilicet
474 2915 509 2978 in
531 2934 676 2997 purpura
699 2916 731 2977 et
753 2912 862 2997 pipere
886 2915 919 2978 et
941 2913 1113 3000 unguentis
1134 2933 1149 2973 a

173 3023 275 3086 eoque
304 3001 461 3066 similibus
488 3025 558 3068 esse
587 3002 678 3067 solet.
748 2999 788 3066 13
817 3002 958 3088 quippe
985 3005 1043 3068 ter
1069 3005 1104 3068 et
1129 3023 1146 3083 q

284 3165 300 3213 6
320 3174 365 3213 ars
383 3160 458 3228 poet.
477 3166 510 3214 42

212 3302 271 3355 clm.
290 3301 485 3371 375:grat1ae
507 3301 666 3356 nudesrsrne
689 3299 764 3374 nude
784 3303 810 3374 (q
829 3317 862 3356 aa
875 3320 886 3355 r
900 3305 982 3372 corr.)
998 3304 1042 3371 M,
1056 3301 1140 3356 nudae

212 3370 294 3426 nodis
312 3373 357 3426 uel
374 3371 466 3426 nudae
485 3371 515 3426 et
533 3371 592 3428 sine
610 3371 720 3442 aonisg
782 3379 929 3427 ncommrr
944 3373 982 3428 M
1042 3379 1150 3429 tconcu

213 3443 252 3496 Μ
275 3443 439 3498 concubitus
459 3461 476 3512 ς
567 3443 742 3513 spalatrum
761 3443 800 3498 M
885 3447 1130 3508 181ntornensem‚

211 3531 231 3568 u
249 3530 329 3581 corr„
348 3513 387 3570 M
448 3519 481 3568 19
501 3513 628 3568 calenum
646 3516 686 3569 sic
704 3513 743 3568 M
758 3519 785 3569 ct
801 3515 917 3586 Bouley
980 3521 1014 3570 23
1033 3516 1148 3571 mercatu

284 3591 319 3639 24
338 3584 439 3640 cululrs
458 3585 497 3639 M
535 3653 537 3658 Ι
635 3601 650 3658 q
781 3592 814 3642 27
833 3590 964 3657 separata
983 3587 1033 3647 Μ,
1088 3592 1147 3640 308

211 3672 238 3710 a.
258 3657 506 3726 rsponsare.
526 3659 574 3725 32,
594 3672 621 3710 u.
641 3661 656 3710 1
677 3673 806 3712 canamus
824 3663 863 3712 est
880 3660 912 3713 ta
930 3659 970 3712 M
