2416 3934
446 133 518 192 oua
538 135 559 204 1,
580 142 605 190 r.
993 137 1032 199 11

33 298 191 382 praecipue
211 295 381 362 Tiburtina
397 297 531 382 regione
551 297 703 362 delectari
727 298 939 383 omnibusque
962 321 1034 364 eam

33 410 81 450 soa
109 387 275 450 sententia
306 387 565 470 praeponendam
598 385 757 451 adfirmat.
849 390 866 452 1
892 389 1035 452 claram

31 474 191 540 Rhodon.
235 477 407 558 propterea
433 476 567 559 claram,
601 474 687 558 quod
716 475 777 540 soli
805 475 848 540 sit
875 477 1034 561 obposita,

32 565 107 648 dicit3
149 563 192 627 de
229 585 293 648 qua
327 567 359 627 et
390 563 564 628 Lucilius
601 565 648 630 sic
684 564 744 628 ait:
782 561 1034 649 Carpathium

30 652 176 720 Rhodus
195 652 236 715 in
253 653 414 737 pelagus
438 675 475 718 se
498 653 667 718 inclinat
689 656 872 736 apertum.
932 655 952 718 2
975 655 1059 719 bi-⁶

31 763 158 806 marem
193 738 385 806 Corinthum
419 742 578 826 appellat,
612 742 699 828 quod
724 740 851 808 Isthmo
884 744 1035 825 obposita

32 829 184 895 Cenchreo
209 851 248 894 ac
269 829 415 895 Lechaeo
440 831 513 894 sinu
537 831 687 896 adluitur.
741 831 761 894 9
786 833 914 914 aptum
939 831 1035 898 dicit

32 943 53 983 e,
68 919 116 1002 h.;
140 917 387 983 Homericum
409 923 472 1003 est3
496 919 543 984 sie
565 920 653 984 enim
671 920 709 984 de
731 918 795 983 hoc
817 921 885 985 ille:
912 915 1035 1004 ’Ἄργος

33 1008 59 1082 ἐς
78 1004 269 1090 ἱππόβοτον.
338 1008 379 1072 10
401 1029 458 1072 me
484 1029 553 1072 nec
579 1009 734 1092 patiens
761 1007 1033 1073 Lacedaemon.

31 1097 80 1160 hoc
100 1099 237 1180 propter
260 1097 523 1180 dcupuoac'ycrocv
544 1097 674 1162 uidetur
696 1097 809 1162 dicere.
858 1098 899 1162 12
922 1120 1033 1183 quam
1048 1119 1074 1158 10

32 1185 148 1249 domus
172 1184 381 1250 Albuneae.
427 1186 611 1250 Albuneam
634 1186 727 1250 deam
750 1207 820 1250 esse
843 1187 879 1250 in
901 1186 1034 1271 regione

31 1273 189 1340 liburtina
220 1273 324 1338 fontis
354 1275 534 1358 praesidem
566 1279 601 1340 et
622 1273 826 1361 Uergilius
854 1275 948 1340 testis
976 1279 1034 1358 est,

31 1363 133 1445 quiin
162 1363 306 1447 septimo
334 1364 380 1428 sic
404 1365 464 1428 ait:
500 1363 701 1450 Lucaeque
730 1365 800 1428 sub
828 1364 908 1428 alta
936 1360 1033 1428 Gon-

31 1453 111 1516 sulit
140 1451 324 1516 Albunea
359 1475 555 1517 nemorum
591 1474 687 1536 quae
723 1453 887 1517 maxima
924 1472 1033 1516 sacro

29 1539 136 1606 Fonte
160 1544 286 1606 sonat.
356 1542 397 1606 13
419 1540 583 1606 Tiburni
605 1542 724 1618 lucus.
770 1541 933 1605 Tiburnus
957 1562 1032 1606 con·
1047 1559 1073 1601 re

30 1630 100 1694 ditor
118 1628 257 1694 Tiburis
280 1633 339 1714 est,
361 1631 451 1694 cuius
473 1629 592 1696 fratres
611 1629 747 1695 Catillus
771 1634 804 1694 et
822 1628 932 1712 Corsa,
956 1651 1033 1714 quo·

29 1741 85 1782 rom
102 1717 310 1804 Uergilius
328 1719 489 1784 meminit:
514 1718 758 1805 Catillusque
782 1740 944 1804 acerque
963 1717 1032 1784 Oo-

29 1831 76 1871 ras
98 1808 253 1894 Argiua
280 1808 471 1872 iuuentus.
565 1809 606 1873 13
633 1807 706 1872 uda
733 1808 920 1892 pomaria:
953 1809 1032 1871 riuis

30 1919 148 2050 fflngtib
166 1897 548 2051 lanibiiesglultluiibsauro
572 1986 748 2070 deterget
770 1984 904 2049 nubila
928 1985 1033 2049 caelo
1047 2005 1074 2044 ao

31 2095 128 2157 saepe
151 2078 282 2138 notus.
323 2075 408 2139 hanc
431 2076 514 2139 oden
538 2075 669 2160 quidam
692 2077 809 2157 putant
832 2073 931 2138 aliam
954 2093 1033 2157 esse,

30 2163 71 2226 sed
93 2163 210 2230 eadem
233 2167 298 2246 est3
326 2185 403 2228 nam
431 2167 465 2228 et
495 2164 548 2228 hie
572 2163 613 2228 ad
635 2163 791 2227 Plancum
814 2163 970 2248 loquitur,
999 2163 1034 2226 in

30 2252 106 2315 cuius
134 2250 299 2316 honorem
325 2253 419 2316 etin
447 2253 612 2336 superiore
639 2255 732 2336 parte
756 2251 858 2316 Tibur
880 2251 1033 2316 laudauit

30 2339 155 2404 Plancus
174 2341 265 2404 enim
282 2340 357 2405 iude
375 2341 438 2405 fuit
456 2342 620 2406 oriundus.
657 2341 768 2404 album
787 2345 895 2406 autem
908 2337 1033 2404 Notum

32 2427 107 2512 dixit,
129 2431 167 2492 ut
186 2427 304 2493 Graeci
326 2425 470 2495 λευκὸν
492 2426 629 2512 νότον,
653 2429 739 2515 quod
758 2451 906 2494 serenum
924 2429 1032 2493 faciat.
1047 2446 1074 2488 aa

84 2519 127 2582 22
150 2521 283 2583 tamen
305 2519 378 2583 uda
400 2518 527 2603 Lyaeo
549 2523 733 2603 tempora.
774 2513 963 2602 ὑπαλλογής
986 2519 1034 2600 ip-

32 2628 88 2670 sum
120 2606 208 2671 enim
241 2607 342 2671 udum
373 2608 517 2693 Lyaeum
548 2609 694 2692 intellegi
727 2610 872 2691 oportet,
904 2605 938 2669 id
969 2609 1034 2670 est:

33 2695 138 2762 uinum.
184 2695 228 2760 23
247 2698 415 2780 populea
432 2698 557 2761 fertur
575 2698 749 2762 uinxisse
768 2717 919 2761 corona.
952 2694 1034 2758 bene

88 2932 104 2978 4
122 2924 155 2979 fr.
177 2930 221 2994 14,
242 2932 258 2980 3
278 2925 399 2995 (Mulier)
473 2931 505 2980 13
524 2927 593 2980 Aen.
614 2931 637 2994 7,
657 2930 691 2979 83
766 2929 798 2978 17
817 2923 884 2997 hen.
906 2930 931 2994 7,
950 2930 1001 2979 672

33 3061 233 3072 w

89 3139 204 3194 3olara
222 3139 300 3208 quod
319 3139 357 3192 M
426 3137 513 3193 cah.
534 3137 595 3193 Car.
616 3138 654 3191 M
729 3137 922 3207 cabrothum,
945 3143 1035 3193 oeta

34 3225 163 3277 rumore,
178 3211 218 3264 M
281 3215 440 3264 leencreo.
459 3209 574 3264 alecheo
594 3209 639 3275 M,
657 3225 690 3262 ae
709 3224 759 3262 noe
822 3207 918 3262 Srlle·
937 3225 1034 3263 meneo

10 3295 11 3300 ¹
35 3283 129 3345 patrans
154 3281 353 3355 lacedaemon·
378 3280 432 3334 hoc
459 3281 622 3350 propterecc
644 3280 734 3349 proedo
757 3279 1033 3334 ΙΠΠΟΒΑΤΟΝΔΙΑ-
1124 3290 1127 3296 “

37 3351 204 3408 hhmoeGN
228 3351 335 3408 urddur
358 3351 408 3417 M,
455 3354 550 3420 ruptor
574 3351 795 3420 διαμαστίγωσιν
816 3349 851 3404 L.
871 3349 978 3404 Mdllcc·
1001 3351 1034 3405 de

38 3425 177 3479 remote-ica
190 3441 222 3495 p.
243 3429 296 3478 462
371 3429 403 3476 11
443 3439 522 3476 omui
541 3421 663 3476 albunea
682 3423 721 3476 M
795 3437 855 3474 esse
873 3437 936 3474 nos:
955 3421 978 3473 dc
997 3421 1036 3474 M

93 3502 125 3550 14
138 3511 285 3550 mammas.
300 3495 332 3548 ft.
349 3493 387 3547 M
451 3492 576 3547 rolucus
592 3493 630 3546 M
689 3499 723 3547 16
742 3489 874 3546 eathrllus
893 3491 916 3543 dc
934 3489 1033 3543 choras

40 3562 66 3616 lt
129 3573 160 3621 17
180 3566 316 3622 eathrllua
336 3565 374 3619 M
444 3571 477 3618 23
497 3563 602 3617 honore
620 3570 645 3618 et
662 3563 747 3632 tybur
767 3562 805 3614 M
874 3562 1032 3625 ecoctam,

40 3633 142 3705 hespera
159 3655 206 3705 aa,
226 3637 264 3691 M
335 3643 370 3691 26
389 3635 536 3690 ΥΠΑΜΓΗ
555 3635 593 3686 M
821 3660 823 3664 ·
879 3654 882 3660 ·
