2378 3934
341 95 494 150 omnen
515 95 739 153 siccaneas.
983 99 1046 164 179

28 255 103 319 riore
143 257 350 324 audiendum
388 257 587 344 ‘precamur’.
680 260 721 326 13
757 261 834 326 rite
875 267 1047 330 maturos

28 345 176 428 aperire
211 351 359 432 partus.
419 348 511 414 ‘lenis
539 350 663 433 aperire
691 349 816 434 partus'
843 371 903 434 pro
932 350 1046 418 ‘facilis

27 436 222 520 euprepitis
236 437 424 522 aperiendis
437 439 607 523 partibus'.
631 439 774 505 ostendit
787 443 897 506 autem
911 440 1047 506 eandem

27 521 182 590 Lucinam
199 529 235 590 et
248 527 425 612 genitalem
444 528 537 592 deam
560 529 724 613 appellari.
781 529 820 593 17
846 528 935 594 diua
957 553 1045 614 pro·

27 613 136 678 duces
173 616 355 681 subolem
383 620 612 702 patrumque
638 640 669 702 p.
696 617 726 682 d.
754 641 778 682 s.
805 618 828 682 f.
851 641 882 702 p.
905 641 936 702 q.
958 619 978 684 l.
1002 636 1072 684 m.c

27 723 45 764 c.
95 703 277 786 implicata
302 705 446 792 phrasis,
478 727 561 790 quae
588 707 635 772 sic
662 706 843 772 ordinanda
873 711 936 772 est:
969 708 1046 774 diua

26 790 183 873 producas
225 795 373 860 subolem
409 795 509 880 prolis
545 817 651 861 nouae
686 799 880 882 patrumque
917 796 1045 862 decreta

26 901 197 965 prosperas
224 905 321 967 super
343 884 516 970 iungendis
538 885 667 950 feminis
690 885 871 971 meritaque
899 887 971 972 lege
997 887 1044 952 fe·

25 970 90 1034 raci.
142 971 306 1037 maritam
334 977 443 1038 autem
469 975 575 1059 legem
602 995 661 1058 pro
690 973 831 1040 maritali
854 975 1044 1040 Plautina

26 1059 146 1124 uidetur
172 1062 374 1127 auctoritate
397 1063 523 1128 dixisse.
582 1063 731 1128 similiter
753 1065 839 1128 enim
862 1067 896 1129 et
918 1065 972 1129 ille
995 1065 1083 1130 lo-10

25 1152 108 1214 cutus
133 1155 210 1235 est,
236 1151 293 1216 ubi
321 1152 369 1216 ait
391 1173 487 1216 senex
519 1151 689 1217 Pulchra
717 1152 856 1237 edepol
889 1153 956 1218 dos
979 1176 1042 1238 pe-

25 1239 130 1303 cunia
161 1243 242 1326 est,
269 1245 303 1304 et
330 1241 412 1305 alter
438 1241 613 1326 respondet
655 1240 759 1318 Quae
787 1241 940 1326 quidem
963 1263 1042 1310 non

25 1328 162 1393 marita
189 1332 252 1394 est
274 1351 333 1413 pro
356 1351 395 1394 eo
418 1330 503 1414 quod
528 1333 591 1394 est:
616 1352 698 1414 quae
720 1351 788 1396 non
807 1330 964 1395 maritalis
983 1336 1040 1396 est

102 1417 148 1482 21
178 1421 313 1484 certus
336 1418 510 1484 undenos
534 1419 663 1484 decies
691 1441 759 1504 per
787 1440 909 1485 annos
933 1419 1040 1485 orbis

26 1511 57 1568 ut
77 1511 226 1572 cantus
250 1507 475 1592 referatque
498 1509 621 1575 ludos.
658 1509 769 1574 orbem
783 1530 870 1573 nunc
884 1508 1039 1575 circulum
1054 1525 1080 1568 1⁶

26 1598 209 1678 temporum
237 1597 273 1660 in
301 1619 335 1662 se
363 1597 485 1662 sedicet
511 1597 715 1663 redeuntium
747 1598 863 1682 accipe.
916 1601 1040 1663 certum

26 1689 124 1748 eutem
148 1707 216 1769 pro
239 1687 337 1770 pleno
361 1689 457 1772 atque
476 1685 627 1771 perfecto.
665 1708 779 1752 sensus
799 1687 885 1752 enim
902 1687 956 1752 hic
975 1691 1039 1752 est:

27 1777 53 1835 ut
73 1773 247 1856 perfectus
271 1775 358 1841 orbis
382 1797 542 1842 annorum
566 1781 696 1842 eentum
725 1779 758 1842 et
785 1777 895 1842 decem
923 1781 1038 1841 cantus

27 1869 50 1923 et
73 1862 173 1928 ludos
204 1865 326 1929 referat
357 1861 490 1952 [ludos]:
522 1887 581 1951 pro
610 1887 648 1930 eo
677 1865 763 1950 quod
796 1868 858 1948 est,
890 1864 1038 1930 homines

27 1953 92 2016 certi
124 1955 290 2037 temporis
328 1956 405 2020 orbe
440 1955 584 2038 perfecto
621 1954 765 2018 referant
800 1953 903 2018 ludos.
993 1952 1037 2017 25
1051 1971 1078 2012 20

27 2062 166 2126 uosque
197 2043 349 2108 feraces
377 2044 574 2108 cecinisse
596 2041 756 2128 Parcae,
788 2042 887 2128 quod
918 2043 1037 2106 semel

27 2128 166 2197 dictum
192 2136 253 2197 est
275 2132 511 2217 stabilisque
533 2153 659 2199 rerum
678 2133 869 2197 terminus
893 2134 1036 2196 seruet.

27 2221 204 2306 syllempsis
219 2225 282 2306 est3
305 2243 344 2286 ex
357 2222 457 2288 uerbo
472 2223 558 2286 enim
574 2222 748 2308 singularis
762 2221 888 2286 numeri
902 2219 1035 2285 fseruec’

26 2311 152 2392 pluralis
188 2311 335 2376 nascitur
367 2310 515 2377 ‘seruatis
548 2310 635 2395 quod
672 2311 770 2376 semel
807 2309 929 2374 dietum
966 2309 1035 2374 est'.

28 2397 156 2466 ‘stabilis
189 2400 308 2466 rerum'
341 2404 451 2465 autem
482 2397 638 2464 ἐπίθετον
675 2403 725 2464 est
760 2399 899 2464 termini.
990 2399 1032 2463 27
1048 2415 1074 2457 25

27 2487 224 2554 benaiam
259 2491 435 2573 peractis
463 2490 618 2574 iungite
644 2489 736 2553 fata.
795 2487 968 2573 peractis
1001 2488 1035 2552 id

29 2583 79 2641 est:
103 2579 292 2662 praeteritis
316 2579 393 2644 fatis
416 2579 505 2644 bona
526 2579 651 2664 iungite
676 2577 799 2661 futura,
823 2599 860 2642 ac
882 2598 940 2661 per
963 2577 1034 2659 hoe,

27 2670 204 2731 contextum
234 2668 380 2733 ordinem
407 2668 506 2732 facite
533 2668 694 2733 bonorum
720 2667 913 2732 futurorum.
989 2664 1032 2728 31

29 2757 201 2820 nutriant
214 2755 319 2822 fetus
334 2761 371 2822 et
385 2778 507 2842 aquae
527 2757 703 2822 salubres
722 2761 764 2821 et
780 2755 888 2821 Iouis
907 2775 1033 2818 aurae.

28 2843 120 2922 letus
154 2846 352 2932 generaliter
389 2847 534 2912 omnium
571 2867 678 2910 rerum
715 2845 822 2929 accipe
859 2847 892 2908 et
927 2843 1031 2908 inani-
1046 2861 1073 2902 uo

30 2935 163 3020 melium,
194 2957 277 3019 quae
301 2936 342 3000 ad
369 2935 544 3000 utilitatem
571 2938 717 3000 nostrum
745 2932 917 3018 pertinent.
973 2954 1032 2998 sa·

31 3022 151 3089 lubres
173 3028 283 3089 autem
297 3047 363 3090 nou
377 3027 507 3090 tantum
523 3022 658 3109 ‘aquae'‚
672 3043 784 3088 uerum
799 3022 897 3087 etiam
911 3019 1032 3085 ‘aurae'

87 3225 102 3272 9
119 3217 206 3288 Epid.
226 3223 250 3288 2,
273 3225 295 3288 1,
316 3224 348 3272 15

88 3406 287 3468 lpraecamur
307 3397 344 3450 M
401 3395 610 3466 3partubus5
669 3393 785 3448 dfrasrs
806 3393 843 3446 M
896 3389 1029 3462 {liugan-

32 3466 95 3536 disg
148 3475 182 3524 18
201 3470 366 3537 uterque
385 3468 423 3524 od
439 3467 520 3534 finem
533 3467 628 3522 scholii
641 3483 675 3519 m.
691 3470 720 3520 2.
740 3465 771 3518 ia
784 3464 907 3532 marciae
923 3463 961 3514 M
995 3469 1027 3514 21

34 3542 98 3594 unul
115 3541 153 3594 M
207 3545 241 3595 23
257 3537 419 3609 sylempssre
434 3539 473 3593 M
520 3535 685 3593 asserueris
703 3550 766 3589 coe:
786 3534 898 3588 seruent
913 3533 951 3585 M
985 3533 1030 3586 est

34 3607 116 3667 'rabdrs
136 3613 174 3666 M
246 3609 587 3666 refecta..faet1sM
656 3612 689 3660 31
709 3603 825 3674 pertm&
845 3603 883 3656 M

761 3693 815 3745 12*
