2416 3934
152 125 196 191 26
523 127 595 183 oon
614 129 635 196 1,
654 134 689 184 so
707 130 737 183 et
756 133 798 182 21.

152 295 225 360 nult
237 293 393 378 intellegi.
415 293 491 358 huie
505 293 702 359 eontrarium
717 295 767 358 est
780 291 1057 358 Terentianum
1071 291 1168 356 illud:

152 382 289 449 Releui
319 382 425 448 dolia
454 384 594 467 omnia,
626 403 756 446 omnes
787 381 924 466 series,
957 381 1044 467 quod
1067 381 1171 466 signi·

152 473 229 538 ficet
247 471 380 557 ‘aperui
403 477 436 538 et
453 473 547 559 quasi
563 469 758 556 regypseui'.
822 471 842 535 3
861 471 975 536 datus
994 471 1034 536 in
1056 469 1170 534 thee·

133 565 214 627 tro
242 583 325 627 eum
352 563 427 628 tibi
453 563 622 647 plausus.
668 559 805 624 diximus
830 563 863 625 et
886 583 985 646 supra
1007 561 1113 625 claros
1139 564 1173 622 et

125 650 258 728 „bonae
281 649 527 716 existimationis
550 650 637 714 uiros
660 649 777 734 plausu
799 650 913 734 populi
936 649 1049 715 solitos
1067 647 1172 722 fuisse

152 744 189 808 in
206 742 335 806 theatro
350 740 462 826 excipi,
479 739 584 804 malos
602 741 711 804 eutem
729 735 862 803 sibiluri.
921 739 943 804 5
961 759 1047 804 oare
1066 735 1171 801 Mee-

153 851 268 898 eenas
292 850 415 913 eques.
452 829 581 894 constat
599 823 716 892 Gaium
734 825 955 892 Maecenatem
971 827 1008 892 in
1026 826 1173 912 equestri

153 919 312 1006 dignitate
336 939 395 982 sua
417 919 587 984 uoluntate
616 916 847 1001 permansisse,
876 938 950 982 oum
979 916 1093 1000 utique
1124 915 1172 980 fa·
1204 983 1205 992 ,

153 1010 256 1076 oultos
278 1007 338 1072 leti
367 1007 453 1072 elaui
481 1008 615 1093 pateret.
653 1093 660 1106 ·
683 1004 704 1070 5
734 1004 960 1107 uttpaterni
988 1001 1171 1070 fluminis
1204 1035 1205 1045 ¹

112 1095 448 1270 medullis,
476 1094 844 1270 {diffiditis
864 1097 1174 1248 titudinis

153 1297 271 1342 oenum
297 1277 406 1340 autem
433 1277 578 1340 montem
604 1293 673 1338 non
699 1273 797 1358 longe
826 1295 846 1338 a
874 1273 1004 1338 theatro
1032 1265 1173 1357 Pompei
1204 1291 1205 1315 ³

153 1386 223 1430 esse
246 1365 374 1450 seimus,
397 1385 494 1449 quem
516 1360 700 1428 resonuisse
724 1359 821 1427 simul
843 1384 917 1428 oum
938 1361 1018 1448 ripis
1041 1361 1173 1426 'liberis
1204 1367 1205 1406 ³

152 1454 269 1540 pleusu
291 1453 404 1538 populi
428 1452 513 1518 dioit.
583 1451 624 1515 10
651 1453 693 1515 tu
720 1449 823 1516 bibis
850 1473 963 1516 uuam
990 1473 1051 1536 pro
1081 1451 1173 1517 uino.

113 1573 139 1614 15
153 1544 343 1625 μετωνυμία
365 1535 489 1626 τρόπος
510 1539 636 1604 dieitur.
680 1538 756 1606 huie
784 1539 983 1606 eontrarium
1005 1538 1173 1606 Plautus

151 1631 192 1694 in
223 1627 444 1695 Trinummo
476 1629 567 1714 feeit,
598 1628 712 1692 uinum
741 1651 800 1714 pro
823 1651 889 1694 uus
912 1627 1037 1695 dioens:
1075 1627 1174 1694 Tum
1204 1637 1205 1677 i

152 1718 284 1784 uinum
305 1719 528 1804 priusquam
552 1721 702 1782 oootum
725 1722 784 1783 est
811 1717 954 1804 pendet
981 1719 1173 1804 putidum.
1204 1731 1205 1768 ἒ

220 1806 261 1872 11
289 1828 370 1872 mea
402 1828 471 1872 neo
498 1805 686 1872 Falernae
719 1810 940 1892 temperant
968 1806 1072 1872 uites
1107 1830 1173 1872 ne·
1204 1819 1205 1858 ἒ

153 1917 233 1981 que.
278 1897 357 1963 ordo
385 1901 447 1962 est:
479 1917 552 1961 mee
579 1896 695 1980 poeula
717 1917 777 1960 neo
800 1895 957 1961 Falernae
979 1897 1065 1960 uites
1089 1901 1174 1961 tem-

111 1985 538 2139 ”emmim
553 1985 678 2138 tritt
696 1985 892 2159 idolii
905 1985 1175 2140 {stitit

151 2160 212 2224 neo
234 2157 452 2225 Formianum.
1204 2175 1205 2192 ¹

568 2282 639 2338 ons
660 2290 684 2352 1,
704 2291 746 2340 21.

240 2385 402 2452 Dianam
424 2392 582 2456 tenerae
605 2393 723 2459 dieite
746 2394 931 2480 uirgines.
968 2395 1088 2460 dieite
1109 2419 1173 2480 pro

110 2502 139 2543 25
154 2473 315 2538 ‘cantate'
338 2477 497 2564 positum,.
512 2483 562 2543 ut:
586 2478 654 2546 Oui
676 2505 754 2548 non
776 2483 904 2552 dietus
926 2481 1049 2568 Hylas
1073 2508 1175 2570 puer

151 2566 189 2627 et
210 2560 377 2629 Latonia
398 2563 525 2633 Delos.
602 2571 623 2634 3
645 2569 908 2657 Latonamque
932 2593 1115 2657 supremo
1143 2575 1173 2638 d.

150 2675 181 2735 p.
199 2649 225 2714 I.
268 2674 445 2737 supremo
469 2679 528 2740 pro
548 2679 685 2744 summo,
707 2665 757 2726 ut:
782 2658 963 2746 Supreme
986 2660 1174 2747 Iuppiter

151 2762 171 2802 a
193 2738 376 2840 Terentio
405 2743 529 2810 dieitur.
574 2750 733 2832 penitus
761 2753 870 2816 autem
898 2749 1084 2816 dileotam
1108 2775 1172 2836 pro

152 2825 262 2890 ‘ualde
290 2828 455 2896 drleotem'
487 2838 538 2900 ut:
575 2837 735 2905 Penitus
768 2839 878 2905 modo
909 2861 1010 2905 nune
1044 2861 1174 2926 genus

150 2957 364 2968 .----...-...

223 3021 237 3068 1
256 3015 357 3072 Hesus.
377 3026 403 3086 e,
423 3030 446 3094 1,
466 3031 499 3080 51
555 3035 572 3084 4
592 3033 628 3088 ad
647 3032 691 3088 od.
714 3039 737 3100 r,
756 3038 780 3099 1,
801 3039 815 3086 τ
873 3037 906 3087 15
926 3032 1003 3088 Trin.
1023 3040 1048 3100 s,
1068 3040 1096 3101 4,
1119 3041 1173 3089 125

150 3089 263 3221 Aen.²i‚
273 3085 357 3210 {2118
377 3089 477 3166 G³018·
497 3103 522 3168 3,
542 3107 558 3155 6
654 3110 688 3160 27
708 3103 787 3159 Adel.
807 3110 832 3170 s,
852 3109 876 3172 r,
896 3110 930 3158 re
1028 3111 1062 3158 ee
1082 3105 1174 3177 Verg.

148 3260 362 3276 Ἢ·-

149 3378 190 3433 u
208 3314 530 3454 dtltts‘qtult
548 3336 783 3462 astutiis
816 3335 945 3461 illul
965 3337 1005 3390 Μ
1055 3339 1173 3462 Ψ

149 3449 351 3520 8drgn1tatem
370 3458 410 3513 M
480 3473 514 3522 10
531 3448 661 3544 rupeis
732 3484 765 3534 14
782 3424 816 3532 iu
833 3493 907 3532 murs
927 3422 1072 3534 Memmii
1092 3481 1172 3534 tum:

148 3519 545 3660 1ddumddlatolriiaildlelidnae
565 3546 605 3600 M
688 3556 723 3605 2⁰
742 3548 904 3620 mmmm
923 3549 962 3602 M
1042 3555 1077 3604 m
1098 3567 1174 3624 ⁰9³²

575 3623 609 3673 29
629 3637 715 3675 nuno:
735 3636 791 3674 non
810 3619 847 3672 M
