2426 3934
316 135 498 190 EPISTULA
517 135 550 202 11,
570 142 595 202 s,
616 142 765 192 140-151.
981 137 1045 200 337

31 302 135 364 torte
161 300 352 384 uoluptas.
398 299 477 364 mire
503 321 571 364 non
602 298 758 365 ‘morbus'
782 299 838 366 sed
862 299 1046 385 ‘uoluptas'.
1133 353 1136 360 ⁴

123 387 188 452 140
214 388 356 453 mentis
389 388 638 474 gratissimus
671 410 790 472 error:
823 389 878 453 ille
915 391 1047 474 scilicet,

33 499 94 561 quo
123 475 217 541 malis
244 478 311 542 suis
337 477 484 543 homines
513 499 581 541 non
608 478 713 542 solum
740 500 807 543 non
836 478 960 562 dolent,
990 480 1046 544 sed

32 567 129 630 etiam
152 566 362 631 delectantur.
408 566 493 632 unde
516 565 597 631 illud
621 564 780 632 Graecum
804 571 854 632 est
878 559 1046 651 Ἀμαθία

32 651 191 738 θράσος.
279 655 341 719 141
365 651 545 720 nimirum
569 676 703 739 sapere
727 660 785 722 est
807 656 862 720 ab.
908 671 1072 722 comme-⁵

33 745 165 808 moratis
194 744 344 809 omnibus
376 743 589 810 incommodis
616 745 651 808 in
679 748 748 810 arte
775 746 903 830 poetica
926 747 1045 812 consti-

34 832 110 897 tutis
134 833 216 898 illud
239 833 412 919 concludit,
433 833 516 898 nihil
532 855 602 898 esse
616 833 731 899 melius
746 835 853 900 studio
868 835 1046 920 sapientiae

36 922 64 985 id
91 925 144 986 est
170 921 406 1008 philosophiae.
459 926 492 988 et
523 925 573 987 est
605 922 697 988 ordo:
728 924 881 989 nimirum
912 925 1045 990 abiectis

34 1011 126 1097 nugis
150 1011 230 1076 utile
254 1015 304 1076 est
326 1031 439 1097 sapere
459 1014 492 1076 et
505 1011 679 1077 concedere
694 1013 803 1098 pueris
816 1013 1046 1097 tempestiuum

34 1101 144 1164 ludum
166 1100 200 1164 id
224 1105 274 1166 est
296 1105 399 1166 artem
427 1101 596 1186 poeticam.
667 1101 730 1166 142
758 1103 1087 1187 tempestiuum=10

36 1193 240 1274 oportunum,
263 1211 451 1276 congruum.
495 1189 641 1274 pueris:
664 1189 781 1274 puerili
805 1191 912 1272 aetat'.
983 1192 1046 1257 143

39 1301 76 1342 ac
97 1300 178 1343 non
201 1280 319 1343 uerba
343 1280 451 1364 sequi
473 1278 538 1344 fid.
585 1301 622 1344 ao
645 1300 712 1344 non
735 1283 955 1364 campartem
978 1303 1046 1345 mu-

37 1368 114 1432 sicae
148 1367 253 1452 sequi,
286 1390 350 1452 qua
382 1367 563 1434 cantilenae
597 1368 710 1450 [uitae]
744 1369 831 1433 modi
858 1369 1046 1454 numerique

36 1457 244 1540 concordant3
272 1455 307 1520 in
333 1457 385 1522 his
414 1462 464 1522 est
493 1458 579 1522 enim
611 1457 707 1522 altior
730 1457 887 1542 quaedam
912 1458 1047 1522 scientia

37 1547 173 1612 musicae
197 1545 396 1630 disciplinae.
488 1547 550 1612 146
574 1547 606 1611 si
629 1545 704 1611 tibi
726 1547 835 1612 nulla
857 1547 921 1611 sit.
966 1547 1045 1612 haec
1062 1560 1086 1601 ¹⁵

1 1699 2 1716 1
38 1633 130 1700 uerba
156 1633 288 1700 Horatii
316 1640 393 1701 sunt
421 1658 529 1702 secum
555 1636 719 1720 loquentis
748 1637 839 1720 quasi
872 1657 944 1700 cum
973 1635 1046 1700 alio.

38 1725 60 1786 si
79 1724 152 1808 tibi,
174 1723 290 1810 inquit,
312 1725 444 1810 grauior
467 1726 537 1790 sitis
560 1723 701 1790 bibendo
724 1724 824 1810 fieret,
847 1725 981 1789 referres
1006 1724 1061 1788 ad.

38 1812 173 1878 nedicos
201 1817 235 1877 et
261 1812 429 1879 indicares.
488 1816 533 1878 sic
566 1818 600 1878 et
631 1813 708 1878 alibi
741 1811 889 1879 Crescit
919 1813 1046 1878 indul-

38 1923 123 1985 gens
158 1901 235 1967 sibi
267 1902 372 1968 dirus
403 1902 582 1988 hydrops.
666 1902 728 1967 149
753 1903 785 1967 si
808 1903 947 1968 uulnus
971 1901 1046 1966 tibi

38 1995 257 2056 monstrata.
304 1992 332 2056 si
354 1993 435 2077 quis,
456 1991 570 2077 inquit,
592 1991 652 2056 tibi
674 1991 810 2056 herbam
833 1995 890 2056 aut
904 1991 1045 2056 radicem
1061 2008 1086 2046 20

39 2080 229 2146 ostendisset
255 2081 421 2164 tamquam
449 2082 561 2146 utilem
594 2079 721 2145 uulneri
752 2083 809 2146 tuo
841 2084 941 2165 tuque
974 2103 1046 2145 eam

2 2169 3 2254 1
39 2173 184 2254 expertus
208 2171 288 2251 [me]
308 2169 457 2235 inutilem
471 2171 681 2255 conperisses‚
704 2192 770 2235 non
784 2170 896 2256 utique
910 2172 1047 2236 uterere.

2 2261 3 2266 ’
39 2281 89 2323 cur
119 2260 224 2345 igitur
256 2257 386 2324 diuitias
419 2260 523 2344 cupis,
560 2282 639 2344 quas
673 2259 871 2344 adquirendo
909 2259 1048 2325 didicisti

40 2348 114 2414 nihil
128 2348 278 2414 conferre
292 2348 332 2413 ad
347 2341 509 2434 sapienter
522 2349 679 2433 beateque
697 2349 883 2434 uiuendum,
905 2349 1048 2433 quando·

40 2437 164 2520 quidem
196 2437 287 2503 diues
321 2438 427 2504 factus
459 2437 562 2504 nihilo
590 2439 696 2503 minus
729 2439 847 2503 stultus
876 2460 924 2515 es,
951 2459 1048 2521 quam
1063 2452 1089 2492 ²⁵

40 2531 129 2592 antea
159 2527 283 2611 fueras,
313 2548 386 2592 cum
414 2549 539 2613 pauper
571 2525 680 2592 esses?
773 2525 833 2591 151
867 2526 1048 2590 audieras

40 2617 92 2680 oui
114 2637 194 2681 rem
218 2615 255 2681 di
278 2616 468 2682 donarent
500 2619 532 2681 et
556 2619 671 2682 cetera.
721 2616 783 2681 hoo
810 2615 901 2680 dicit:
926 2615 953 2678 si
976 2614 1047 2679 ideo

42 2705 165 2770 diuitias
190 2704 352 2790 adpetisti,
376 2705 461 2790 quod
485 2706 632 2771 audieras
654 2709 688 2771 te
712 2704 850 2770 stultitia
872 2704 1048 2768 cariturum

42 2816 107 2858 oum
137 2795 229 2860 diues
253 2815 353 2879 esses,
379 2798 552 2879 postquam
576 2793 665 2859 diues
688 2793 729 2859 ad
752 2793 944 2875 sapientiam
967 2791 1049 2856 nihil

42 2883 242 2966 promouisti‚
274 2884 414 2949 etiamne
447 2883 555 2968 copias
587 2884 821 2966 facultatesque
854 2881 986 2946 sectaris
1017 2885 1049 2944 et
1062 2901 1091 2941 eo

42 2972 142 3039 adhue
165 2972 276 3038 audies
299 2963 485 3057 opulentiae
507 2972 700 3055 laudatores,
723 2970 840 3056 quibus
863 2971 928 3035 iam
952 2970 1049 3035 semel

109 3193 143 3242 rs
161 3185 206 3240 od.
226 3191 252 3254 a,
271 3191 296 3251 a,
318 3191 349 3239 13

45 3307 250 3316 w

109 3363 253 3419 arlloscrl.
274 3363 312 3416 M
396 3361 584 3418 ooommodrs
606 3362 643 3416 M
728 3367 759 3415 11
780 3363 873 3415 aetate
894 3359 931 3413 M
1018 3365 1049 3414 13

3 3407 95 3503 iqua
111 3451 175 3490 noe:
193 3449 266 3505 quae
286 3433 324 3488 M
411 3432 488 3488 uitae
506 3433 594 3488 deleas¹
685 3434 869 3487 14se1ent1se
890 3430 929 3483 M
1018 3437 1049 3483 17

46 3506 150 3561 refert&
166 3512 191 3561 et
207 3507 316 3562 rudroas
335 3505 374 3559 M
431 3511 463 3559 19
481 3504 581 3558 dnum.
600 3504 704 3573 ydrops
720 3503 757 3556 M
813 3509 848 3558 20
866 3502 1054 3555 monstratam

47 3578 79 3630 M
148 3577 415 3632 alsemannum
485 3581 519 3628 23
539 3578 617 3644 cupit
637 3575 702 3650 My
748 3579 781 3627 27
801 3573 924 3628 remedia
944 3573 982 3625 M
1067 3628 1069 3632 ,

46 3647 463 3704 MmmmmmM

92 3756 110 3794 P
111 3767 250 3799 eeeeee
857 3737 891 3784 Ἠ
