2416 3934
204 161 248 226 84
623 157 694 216 cna
713 159 761 227 m,
781 165 807 215 4.

203 326 368 407 recreatis,
401 345 474 389 curn
505 323 541 388 in
571 322 715 387 hibernis
748 321 917 387 constituit
944 324 1126 407 exercitum3
1150 348 1182 408 pe

205 414 290 500 quod
315 415 412 480 etiam
426 410 597 478 Caesarem
613 411 793 476 studiosum
812 433 881 476 esse
899 413 1044 496 poeticae
1064 414 1187 478 ostendit

293 503 335 568 41
367 523 435 567 uos
465 503 550 566 lene
582 500 790 566 consilium
817 499 919 566 datis
948 503 985 564 et
1013 502 1101 567 dato
1114 511 1181 586 'gau

205 591 306 658 detis
336 592 466 657 almae.
546 611 604 674 per
626 588 737 654 Musas
759 589 793 653 id
816 593 866 654 est
886 611 945 673 per
968 590 1109 658 studium
1128 591 1186 656 litte

180 701 315 746 ararum
352 681 393 746 ad
430 679 622 764 sapientiam
654 678 857 744 corroborari
892 683 1035 744 mentem
1070 681 1194 763 intelleg

206 771 285 836 uult.
340 771 425 834 lene
454 769 540 834 enim
564 768 768 834 eonsilium
792 768 986 853 sapientiam
1008 769 1094 834 dicit.
1164 771 1186 832 4·

207 859 347 924 scimus
367 862 408 923 ut
425 859 554 942 inpios
573 856 734 922 Titanas
755 858 1034 942 immanemque
1057 859 1190 923 turbam

206 949 268 1013 hcc
290 948 459 1031 pareobasi
481 945 623 1013 ostendit
638 947 723 1013 uires
739 947 808 1012 sine
821 947 994 1030 prudentia
1007 969 1077 1013 non
1089 931 1195 1012 tantunl

206 1058 309 1102 uanas
333 1057 417 1119 esse,
444 1058 557 1102 uerum
584 1035 682 1100 etiam
711 1035 772 1100 sibi
799 1036 1014 1120 aduersariam
1045 1058 1103 1120 per
1131 1033 1195 1119 quoi

168 1147 194 1187 ro
206 1126 325 1211 probat
337 1125 427 1208 illud,
450 1126 536 1210 quod
550 1147 648 1209 supra
667 1124 791 1189 dixerat
813 1147 881 1190 uos
903 1126 989 1190 lene
1013 1125 1191 1190 eonsiliuu

207 1215 310 1281 datis
341 1219 378 1280 et
405 1215 494 1280 dato
527 1213 716 1299 gaudetis.
792 1213 836 1279 50
870 1212 1000 1278 fidens
1037 1215 1195 1278 iuuenta

206 1305 365 1370 horrida
388 1303 571 1369 brachiis.
609 1303 688 1368 ordo
708 1306 770 1368 est:
793 1303 897 1368 fidens
910 1303 1054 1375 brachiis
1068 1303 1192 1368 inuenti

206 1394 346 1460 horrida.
389 1393 504 1460 molius
527 1393 614 1459 enim
636 1392 836 1478 intellegitur
859 1415 957 1476 quam
980 1391 1125 1458 ‘horrida
1145 1393 1195 1455 bra

208 1482 310 1548 chiis'.
391 1483 433 1546 51
462 1481 682 1565 fratresque
709 1482 917 1549 tendentes
942 1503 1063 1565 opaco
1086 1481 1195 1546 Pelioi

169 1569 630 1724 ¹⁵i1¹¹9⁰⁵¹ii⁸8⁰t⁰iiympi²
664 1570 1144 1724 tandselntesitupontendentes.
1175 1569 1195 1634 d

233 1682 270 1724 oc
294 1682 335 1724 au
351 1680 442 1723 eme
518 1679 599 1744 orgi
620 1680 681 1722 ius
705 1680 751 1722 sie
786 1681 861 1743 oqui
921 1683 928 1723 :
1194 1675 1195 1682 ¹

297 1748 369 1814 Ter
391 1750 481 1812 sunt
504 1748 636 1814 conati
659 1749 848 1832 inponere
868 1747 977 1814 Pelio
1001 1748 1136 1814 Ossam
1194 1761 1195 1790 ³

256 1837 416 1904 Scilicet
455 1840 569 1922 atque
607 1835 723 1902 Ossae
760 1837 985 1903 frondosum
1021 1839 1195 1903 inuoluer

531 1925 743 2011 Olympum.
1194 1935 1195 1970 ³

169 2036 196 2077 ro
255 2017 326 2082 Ter
353 2019 464 2101 pater
491 2019 690 2081 extructos
715 2015 856 2080 deiecit
877 2015 1040 2081 fulmina
1064 2021 1195 2082 monto?

299 2104 343 2169 54
367 2109 432 2170 aut
455 2106 545 2189 quid
568 2104 708 2170 minaci
730 2105 980 2190 Porphyrion
1003 2110 1124 2172 statu.
1173 2105 1195 2168 si

210 2191 423 2277 Uergilius:
456 2193 679 2277 Mediaeque
712 2195 862 2259 minans
899 2194 1096 2260 inlabitur
1126 2196 1187 2260 urb

210 2281 273 2345 nisi
302 2281 388 2364 quod
416 2285 449 2344 et
475 2281 510 2344 in
537 2281 608 2365 ipsa
636 2283 779 2366 corporis
803 2282 974 2348 altitudine
996 2285 1106 2349 minae
1130 2305 1192 2368 qua

211 2369 285 2433 dam
308 2368 460 2434 uidentur
483 2391 552 2435 esse
576 2373 672 2454 atque
701 2371 826 2438 horror.
907 2373 950 2438 58
973 2373 1065 2438 hino
1089 2373 1195 2444 auida

171 2478 197 2521 aa
213 2457 326 2522 stetit
347 2455 387 2522 U.
416 2459 546 2524 auidum
573 2458 757 2526 Uulcanum
784 2461 865 2526 dixit
891 2465 1023 2547 propter
1045 2463 1135 2548 ignis
1158 2485 1193 2525 au

212 2547 354 2612 ditatam.
414 2548 457 2612 60
479 2549 620 2614 umeris
643 2551 843 2633 positurus
867 2573 895 2616 a
931 2573 1139 2635 numquam
1159 2574 1179 2634 p

212 2636 359 2701 siturus
387 2659 446 2720 pro
476 2637 543 2722 ‘qui
564 2659 741 2722 numquam
763 2639 885 2724 ponet’.
976 2641 1018 2706 61
1050 2641 1118 2724 qui
1140 2662 1177 2704 ro

136 2779 139 2784 ,
210 2748 305 2809 puro
330 2723 528 2792 Castaliae
550 2727 651 2792 lauit
673 2728 808 2792 crines.
852 2727 995 2796 Oastalia
1016 2729 1094 2794 fons
1119 2729 1193 2793 est'

211 2818 321 2879 monte
344 2814 514 2882 Parnasso.
605 2817 647 2882 63
679 2818 849 2882 natalem
879 2818 1031 2883 siluam:
1063 2817 1185 2884 nunc‘

171 2923 198 2965 ao
212 2923 275 2985 qua
305 2905 403 2968 natus
436 2904 506 2970 est'.
561 2906 655 2970 aliter
686 2905 771 2971 diem
802 2908 944 2972 natalem
976 2907 1129 2994 dicimus,
1162 2928 1189 2989 qi

213 2990 285 3072 quis
307 2994 404 3056 natus
428 2998 487 3060 est.
577 2994 620 3060 64
642 2993 776 3061 Delius
801 3000 838 3061 et
859 2995 1048 3062 Patareus
1072 2997 1187 3082 Apoll

211 3076 324 3144 Delius
348 3101 367 3143 a
389 3079 471 3146 Delo
494 3084 602 3150 insula
625 3084 748 3168 dicitur,
770 3085 927 3152 Patareus
954 3109 973 3151 a
995 3085 1115 3151 Patare
1138 3085 1189 3148 uri

213 3188 294 3250 quae
318 3170 425 3257 estin
448 3170 556 3256 Lycia.
647 3173 690 3238 65
717 3174 778 3240 uis
802 3177 943 3241 consili
967 3197 1103 3260 expers
1128 3196 1184 3238 mo

285 3331 318 3380 16
337 3325 437 3396 Georg.
454 3335 478 3395 1,
498 3334 548 3384 281
569 3347 629 3398 sqq.
702 3337 736 3384 22
755 3333 824 3387 Aen.
844 3339 869 3402 2,
889 3338 941 3387 240

212 3410 425 3426 d...—

267 3453 300 3528 ,3
319 3451 474 3532 gaudentes
493 3453 533 3534 M
593 3460 616 3535 ’8
635 3454 772 3523 portabam
791 3455 831 3509 M
900 3463 932 3510 11
951 3457 1100 3527 gaudentis
1123 3456 1162 3509 M

213 3520 246 3568 13
264 3517 441 3590 mtellegrtor
458 3522 573 3578 horrida
590 3527 721 3580 1uuontus
741 3543 826 3596 quam
843 3526 872 3580 h.
891 3526 918 3582 b.
937 3546 955 3596 ς
1028 3533 1061 3581 14
1080 3542 1171 3597 apaco

285 3593 318 3641 17
336 3589 432 3658 pelion
452 3592 491 3644 M
577 3599 609 3647 21
628 3595 775 3664 porfyrion
795 3598 833 3654 M
916 3605 949 3652 23
968 3615 1045 3652 mina
1063 3597 1101 3652 M

213 3658 326 3726 appollo
345 3661 384 3714 M
454 3667 487 3715 33
506 3679 559 3757 unpv
572 3665 681 3720 consilii
700 3667 739 3720 M
812 3712 815 3716 .
