2416 3934
582 127 656 185 ocu
675 129 696 198 1,
716 133 759 183 aa.
860 99 864 107 '

582 288 655 346 our
676 296 700 358 1,
720 293 762 343 sa.

253 383 414 450 Albine
443 383 575 448 doleas
598 405 629 466 p.
652 403 694 446 m.
717 403 759 444 m.
782 381 803 444 l.
857 371 993 445 Alblum
1015 378 1164 444 Tibullum¹

164 474 351 560 adloquitur
380 473 558 560 clegiorum
589 474 730 556 poetam.
773 469 925 534 hortatur
957 473 1066 534 autem
1095 491 1164 556 eum,

163 567 200 629 ut
228 563 272 628 sit
297 563 432 629 fortiore
462 562 571 627 animo
594 561 629 624 in
653 561 854 643 contemptu,
887 579 983 643 quem
1005 557 1164 643 indigner

136 671 150 710 ⁵
164 651 303 738 Glycera
320 652 454 717 muliere
471 652 626 736 patiatur,
644 671 741 734 quam
759 647 832 713 ideo
851 647 1001 718 inmitem
1018 651 1118 713 uocat.

164 743 283 808 2neu
312 740 551 807 miserabilis
582 738 612 804 d.
635 760 661 804 e.
702 737 831 824 proprie
862 737 1041 824 elegiorum
1067 756 1167 802 uersus

164 832 325 915 aptissimi
357 833 434 895 sunt
465 829 609 914 fletibus,
641 849 722 913 quos
754 827 826 892 ideo
858 825 1060 892 miserabiles
1091 827 1166 891 dixit.

163 942 241 985 narn
269 924 302 984 et
329 941 450 984 nomen
476 921 584 1004 ipsum
612 917 790 1002 elegiorum
817 910 908 1000 παρὰ
934 911 973 982 τὸ
999 915 1069 998 il,
1098 937 1166 1000 quae

163 1032 227 1075 uox
255 1011 305 1073 est
334 1008 598 1091 lamentantium,
631 1005 752 1071 dictum
774 1008 901 1091 putant.
971 1005 1081 1071 3cur
1105 1005 1168 1070 tibi

124 1116 150 1156 10
164 1098 295 1163 iunior
316 1099 423 1162 laesa
446 1097 667 1184 praeniteat
689 1094 778 1160 fide.
824 1094 909 1180 apud
929 1092 1098 1180 Glyceram
1119 1095 1167 1158 sci·

163 1187 240 1252 licet
266 1187 463 1272 praeniteat,
493 1208 575 1273 quae
598 1185 695 1251 fidem
717 1185 780 1250 hoc
802 1183 951 1250 faciendo
976 1185 1112 1250 laeserit

164 1275 186 1340 5
208 1277 403 1362 insignem
429 1276 540 1342 tenui
567 1275 699 1340 fronte
726 1273 916 1360 Lycorida
944 1270 981 1338 O.
1010 1278 1034 1340 t.
1063 1297 1089 1339 a
1110 1295 1132 1338 o.
1152 1275 1168 1338 i.

163 1388 192 1430 a.
215 1366 238 1430 f.
284 1367 394 1432 tenui
424 1366 556 1432 fronte
587 1387 647 1449 pro
682 1366 822 1450 angusta
854 1366 887 1427 et
916 1363 1039 1447 pusilla
1059 1363 1167 1448 posuit3

163 1455 258 1520 frons
282 1459 390 1521 autem
414 1456 521 1521 minor
542 1454 737 1539 pulcriorem
758 1451 839 1516 facit
859 1451 1040 1538 mulierem,
1062 1457 1093 1518 ot
1108 1453 1167 1518 idco

127 1562 152 1601 15
165 1540 361 1629 insignem
383 1544 493 1608 tenui
514 1543 647 1609 fronte
671 1543 788 1626 accipe,
810 1541 873 1606 hoo
895 1540 959 1607 est:
993 1543 1056 1609 hac
1078 1563 1110 1608 re
1128 1543 1165 1606 in·

164 1632 299 1717 signem.
369 1633 387 1698 7
408 1633 473 1698 sed
496 1633 603 1718 prius
623 1632 762 1716 Apulis
781 1631 996 1716 iungentur
1016 1655 1041 1698 c.
1060 1634 1080 1698 l.
1117 1632 1167 1696 boe

164 1723 227 1785 est:
250 1722 340 1806 prius
364 1723 416 1787 uel
439 1723 509 1807 lupi
531 1709 749 1788 concumbant
766 1741 840 1786 cum
858 1720 993 1805 capreis.
1065 1723 1104 1787 10
1123 1722 1167 1786 sic

163 1809 289 1875 uisum
311 1809 458 1877 Ueneri
481 1813 543 1877 cui
565 1812 695 1895 placet
717 1811 874 1894 inpares
897 1809 1044 1876 formas
1068 1815 1166 1895 atque

164 1900 313 1968 animos
338 1951 345 1964 .
369 1951 376 1965 .
400 1922 520 1967 aenea
547 1922 663 1967 saeuo
688 1899 843 1965 mittere
867 1920 949 1964 cum
971 1899 1070 1967 ioco.
1112 1921 1168 1964 non

124 1989 244 2055 adicit
274 1989 419 2075 ‘inpares
446 1991 569 2057 formas
597 2012 670 2056 cum
692 1989 764 2055 ioco
788 1989 949 2074 subiuga
972 1988 1099 2072 mittit',
1124 1989 1169 2053 sed

165 2078 245 2142 ordo
275 2081 325 2142 est
353 2077 425 2143 ‘sic'
443 2080 550 2146 uisum
572 2078 693 2144 Ueneri
721 2100 794 2144 cum
823 2099 920 2143 saeuo
948 2075 1044 2145 Ioco'
1071 2079 1103 2143 id
1131 2077 1184 2141 est*

165 2164 302 2230 ‘Ueneri
330 2169 363 2230 et
384 2166 498 2232 Amori
525 2168 571 2231 sic
589 2165 738 2250 placuitf,
761 2188 857 2253 quem
871 2166 1029 2233 Amorem
1051 2189 1170 2234 saeuum

164 2253 276 2318 locum
298 2275 366 2318 non
389 2255 568 2341 ineleganti
591 2255 801 2339 conceptione
825 2255 913 2320 dixit.
958 2256 1053 2342 iuga
1076 2262 1172 2322 autem

165 2362 287 2406 aenea
306 2341 423 2406 durum
441 2365 479 2408 ac
497 2343 662 2409 difficilem
681 2365 824 2410 amorem
842 2345 914 2416 uult
932 2345 1089 2432 intellegi.
1109 2345 1171 2409 'hoc

124 2449 150 2488 aa
164 2428 300 2515 Ueneri,
329 2431 448 2517 inquit,
476 2433 612 2517 placuit,
639 2437 677 2498 ut
703 2434 760 2519 qui
782 2437 934 2500 amantur
955 2456 1024 2500 non
1048 2455 1171 2501 consen-

163 2519 249 2585 tiant
272 2521 484 2605 amatoribus,
513 2522 569 2588 sed
595 2524 631 2587 in
660 2523 741 2588 alios
767 2523 831 2608 ipsi
859 2545 985 2589 amores
1008 2524 1171 2590 declinent.

232 2609 274 2674 14
297 2614 410 2696 grata
428 2610 598 2677 detinuit
617 2611 797 2697 compede
815 2610 860 2676 M.
902 2613 1091 2698 compedem
1108 2634 1172 2699 gra·

163 2703 234 2764 tum
257 2721 400 2766 amorem
424 2700 594 2786 siguificat.
641 2705 673 2766 et
695 2701 875 2786 uideamus,
902 2723 945 2767 ne
967 2722 1036 2768 non
1060 2701 1170 2786 simpli·

164 2789 243 2853 citer
258 2789 446 2874 compedem
458 2790 512 2855 hio
526 2790 651 2875 dixerit,
668 2790 725 2856 sed
737 2791 881 2856 referens
901 2790 943 2857 ad
962 2791 1172 2858 conditionem

118 2894 149 2934 ec
163 2877 333 2941 libertinae
363 2876 522 2963 Myrtalis.
568 2879 808 2945 adtendendum
837 2884 960 2963 autern,
992 2881 1172 2967 compedem

163 2965 321 3050 singulari
348 2988 483 3032 numero
511 2989 586 3034 eum
613 2969 746 3052 dixisse,
776 2968 863 3052 quod
885 2991 954 3035 non
975 2969 1071 3035 facilc
1094 2973 1172 3032 uete-

162 3075 223 3119 res.
293 3054 334 3119 15
363 3052 542 3121 Hadriae.
579 3079 637 3142 por
664 3056 745 3121 bace
767 3056 970 3124 Adriaticum
1000 3057 1107 3124 sinum
1129 3059 1172 3121 in-

162 3143 290 3229 tellege,
313 3142 400 3226 quod
423 3165 511 3209 mare
535 3149 569 3210 et
591 3143 775 3212 Calabriam
798 3146 908 3212 adluit.

235 3282 372 3356 anlbmp
392 3283 431 3338 M
514 3282 764 3342 albmumtrbulum
783 3286 822 3343 M
900 3288 1044 3360 tahgure
1063 3289 1173 3344 muhere

163 3354 272 3422 patitur
286 3353 325 3407 M
377 3356 514 3424 Sparata
532 3371 591 3411 esse
610 3374 664 3430 que
680 3358 719 3412 M
772 3359 941 3414 Meclaria.
961 3365 1059 3428 apost
1075 3361 1127 3416 set.
1146 3377 1170 3411 a.

162 3429 237 3478 Vest
254 3425 286 3478 ic
305 3424 343 3478 Μ
415 3431 447 3480 16
466 3429 615 3495 iungenter
633 3429 672 3483 M
730 3434 761 3483 17
782 3429 828 3484 uel
845 3445 910 3485 nce:
926 3432 959 3486 ut
979 3431 1018 3484 M
1086 3447 1172 3502 capris

163 3494 202 3546 M
273 3501 306 3549 19
326 3511 391 3550 aeuo
412 3496 450 3549 M
532 3503 564 3551 21
585 3503 609 3552 et
628 3505 661 3553 22
682 3516 748 3554 seue
767 3505 793 3556 et
810 3515 907 3556 scuum
926 3501 965 3556 M
1041 3502 1173 3557 23111111-

162 3565 261 3634 gantra
280 3565 318 3618 M
388 3572 422 3621 25
442 3583 513 3636 quae
532 3573 557 3621 et
576 3574 609 3623 26
628 3569 743 3640 ipsae;
816 3577 850 3628 28
870 3575 899 3628 et
918 3572 968 3626 M:
987 3573 1072 3643 sede,¹
1142 3579 1173 3626 30

157 3635 284 3689 mrrtalrs
305 3636 343 3688 M
413 3642 445 3691 31
467 3638 636 3708 smgularem
657 3642 695 3694 M
