2426 3934
341 152 521 209 EPISTULA
540 155 575 222 11,
594 159 620 222 ο,
640 159 788 210 roo-19⁷.
1004 155 1067 218 341

66 408 84 472 f.
105 405 243 474 officium
267 409 318 472 est
335 408 503 492 ¹ogriooloo
525 429 594 472 non
616 408 810 492 quiescentis
834 412 867 472 et
888 429 988 473 auare
1011 431 1068 494 epe

66 498 94 560 in
114 495 240 562 futuros
261 495 384 562 reditus
401 497 532 562 extenti.
594 496 656 562 187
680 497 756 562 soit
778 497 915 583 genius
936 499 1068 563 natale

66 608 87 648 o.
118 583 179 652 hoo
211 585 647 671 secundumnphilosophos,
679 586 735 672 qui
755 590 890 672 ,putant
920 587 1068 652 homines

67 339 157 402 usque
180 317 219 383 ed
244 339 437 402 uesperum..
466 319 557 384 ,186
585 317 805 383 siluestrem
833 317 1002 384 flammis
1032 323 1069 384 et

12 691 13 704 ¹
66 668 260 758 εὐδαίμονας
279 677 312 740 et
329 675 585 761 κακοδαίμονας,
608 675 694 760 dioit,
717 675 793 760 quia
807 676 939 743 daimon
952 676 1094 762 genius⁵

64 763 263 849 intellegitur.
309 814 313 824 .
348 763 411 830 189
443 765 555 830 uultu
586 765 795 831 mutabilio
852 768 911 830 ¹aut
940 766 1068 830 uultum

64 875 140 918 nuno
171 874 233 938 pro
261 853 430 920 uoluntate
457 855 580 939 posuit,
613 857 670 920 aut
696 854 786 920 deest
814 853 920 939 ‘oum',
946 860 982 920 νδ
1009 855 1067 920 so.-

63 964 123 1008 ocm
144 943 428 1009 uultu=mutebilis
452 946 576 1008 ettam
599 943 724 1028 dispar,
774 966 855 1009 uem,
880 947 957 1009 sunt
981 943 1068 1008 inter

64 1056 91 1097 se
111 1031 280 1099 hominum
303 1033 424 1098 uultus.
507 1032 570 1098 189
598 1032 709 1098 albus
736 1037 774 1098 et
801 1037 900 1100 atera·
936 1055 1067 1119 prouer-

64 1123 190 1188 bieliter.
236 1121 298 1187 hoo
326 1125 388 1187 est:
415 1122 523 1188 bonus
550 1125 583 1188 et
609 1122 723 1187 malus.
769 1125 802 1187 et
829 1123 940 1188 album
967 1123 1008 1187 ed
1030 1123 1108 1186 11-10

62 1209 195 1276 beralem
228 1215 261 1276 et
291 1213 414 1276 laetum
443 1211 597 1296 reddidit,
625 1215 732 1277 atrum
764 1212 805 1277 ed
837 1211 1003 1277 sordidum
1035 1215 1068 1276 et

10 1299 12 1384 ξ
63 1322 315 1366 aemmnoeum...
335 1300 440 1386 figura
467 1294 628 1378 ἀπόδοσις
645 1300 766 1386 ¹primo.
859 1301 923 1366 190
955 1305 992 1364 et
1023 1322 1067 1364 ex

10 1387 12 1472 ζ
63 1390 201 1456 modioo
239 1395 424 1474 quantum
464 1413 524 1466 res
564 1390 699 1475 poscit
772 1393 865 1454 ceute
906 1387 1067 1454 adiectum

62 1477 1109 1653 111115111111111111111191ιό

64 1661 91 1720 et
110 1656 256 1743 ‘tamen',
284 1663 322 1722 νδ
338 1658 398 1722 vsit:
422 1658 570 1743 quemuis
593 1681 632 1724 ex
654 1657 789 1742 modico,
811 1661 924 1723 tamen
944 1657 1067 1723 tollam.

63 1739 294 1812 ἀνακόλουθον
317 1747 458 1812 tertium.
537 1747 599 1812 191
628 1747 750 1812 heres.
794 1746 849 1812 hio
870 1745 968 1813 *hereo
999 1768 1069 1812 non

62 1835 233 1920 legitimus,
261 1834 317 1902 sed
343 1835 539 1921 heredipeto.
631 1837 695 1902 192
723 1835 825 1922 quod
852 1858 929 1902 non
956 1838 1069 1920 plura

63 1923 153 1990 datis
177 1925 392 1990 inuenerit:
425 1925 512 2010 quod
543 1948 611 1991 non
642 1927 717 2012 plus
746 1929 938 1991 consecutus
969 1923 1069 1989 fuerit

63 2035 94 2077 ex
113 2015 206 2099 meio,
230 2037 327 2098 quam
350 2015 386 2080 in
408 2037 459 2079 me
482 2014 639 2100 inpendit.
684 2018 718 2080 et
746 2036 889 2101 congrue
911 2013 1068 2080 Horatius
1082 2032 1108 2073 νο

63 2103 94 2166 de
107 2126 140 2170 se
153 2105 310 2189 loquitur,
333 2104 385 2168 oui
406 2104 498 2169 deest
518 2105 612 2169 filius.
674 2104 738 2169 192
761 2107 949 2169 ettamen
971 2103 1068 2168 idem

9 2197 10 2281 ᾗ
63 2193 151 2257 soire
175 2193 314 2258 uolam.
350 2191 434 2257 redit
457 2194 498 2258 ad
511 2193 767 2259 mediocritatem
780 2193 1069 2278 Peripateticorum

9 2301 11 2422 ,
62 2286 89 2344 et
109 2282 190 2348 dioit
211 2282 259 2347 ita
282 2303 317 2347 se
339 2304 474 2347 usurum
496 2283 600 2367 bonis,
622 2287 660 2348 ut
681 2305 749 2348 non
770 2283 983 2349 obliuiscetur
1004 2305 1069 2347 me·

9 2435 11 2460 ,
61 2369 144 2436 dium
168 2370 342 2436 ferendum
372 2393 457 2457 esee,
489 2393 562 2437 oum
593 2373 723 2438 intersit
753 2373 838 2437 inter
868 2371 1005 2438 hilarem
1037 2374 1070 2436 et

9 2465 11 2564 J
61 2465 222 2546 nepotem,
253 2481 387 2546 parcum
418 2465 452 2526 et
483 2483 632 2545 enarum,
664 2461 812 2546 quamuis
843 2483 958 2546 perum
994 2482 1068 2525 oon·
1083 2476 1110 2517 25

9 2571 10 2644 ,
62 2549 274 2615 siderantibus
311 2549 432 2615 simile·
469 2572 539 2616 esse
574 2551 755 2616 uideantur,
847 2549 911 2615 195
947 2548 1070 2615 distat

9 2655 10 2678 ¹
62 2640 155 2704 enim
190 2660 364 2725 sparges.
419 2640 575 2725 ostendit,
607 2640 684 2725 quid
716 2640 818 2706 distet
850 2639 936 2703 inter
972 2660 1070 2722 supra

62 2727 167 2794 dictos.
239 2729 301 2793 197
330 2749 372 2792 ao
400 2730 530 2813 potius
558 2751 588 2814 p.
611 2734 654 2794 ut
675 2729 791 2796 festis
815 2727 1069 2812 Quinquatri-

60 2877 269 2890 ...ῃ-*σαι-

128 2960 311 3012 leruestrem
329 2957 356 3010 fl.
376 2957 398 3011 δι
418 2957 457 3011 Μ
526 2959 702 3012 ‘hannoniae
722 2959 760 3013 M
830 2958 960 3013 3fi1turo
980 2957 1018 3011 M

61 3037 76 3080 4
95 3029 280 3099 philosophos
303 3028 352 3098 qui
374 3030 477 3097 putant
498 3043 562 3084 nos:
585 3030 746 3100 qmdpphoo
768 3031 851 3100 putot
871 3030 920 3096 M,
941 3029 972 3084 id
995 3029 1070 3098 quod

62 3102 158 3166 putent
176 3106 194 3170 (.
216 3144 222 3155 .
241 3099 344 3168 (ficiis
443 3100 588 3154 deultum
607 3101 643 3156 ab
661 3101 719 3156 lllls
738 3101 776 3155 M
874 3101 988 3156 *Ideest
1005 3116 1071 3154 oum

61 3169 168 3226 uultum
186 3171 299 3226 abillis
317 3171 341 3224 tr
360 3171 398 3224 M
474 3178 505 3225 11
525 3171 646 3228 redditio
664 3173 756 3244 figura
773 3199 807 3218 =
826 3166 963 3234 ἀπόδοσις
1036 3178 1070 3226 13

61 3245 146 3310 possit
170 3244 207 3296 M
228 3243 270 3297 bie
361 3244 459 3296 ⁴conto
478 3283 484 3296 .
505 3287 510 3297 .
530 3243 621 3311 poenit
643 3244 685 3298 bis
707 3246 812 3314 scripta
834 3244 867 3297 io
890 3243 929 3296 M
1035 3249 1069 3297 17

62 3315 190 3368 tuemur
207 3317 270 3369 non'
281 3315 397 3368 tertium
417 3313 467 3381 M,
489 3314 553 3382 fort.
572 3315 715 3381 resermda
733 3321 798 3370 sont
815 3316 880 3370 tace
898 3314 936 3368 ad
953 3318 1072 3368 tenorem

62 3387 252 3442 sententiarum
271 3385 309 3439 od
325 3396 354 3440 ν.
373 3389 429 3439 183
447 3386 608 3454 explicitum
709 3388 763 3442 sot.
783 3387 820 3442 ad
837 3386 919 3440 heres
933 3389 998 3454 poet
1015 3386 1071 3440 eet.

63 3457 95 3510 od
113 3457 189 3526 quod
206 3471 263 3511 non
281 3458 314 3511 δα
333 3456 371 3510 Μ
432 3460 466 3509 19
485 3456 552 3511 ditm
569 3473 710 3512 muenens
729 3459 768 3512 M
831 3456 918 3512 fuerit
935 3473 998 3512 noe:
1015 3455 1072 3510 furt

63 3525 97 3580 M
167 3535 201 3583 20
218 3527 302 3583 meis:
320 3526 409 3581 medis
429 3527 467 3581 M
482 3528 583 3597 pendrt
601 3529 640 3582 M
709 3535 742 3584 21
763 3528 807 3584 cui
825 3529 903 3582 deest
920 3543 984 3582 nos:
1002 3527 1072 3595 qmd

61 3595 119 3654 *oe
137 3599 246 3665 (littera
263 3603 353 3666 eroso)
371 3598 409 3652 M
462 3603 497 3653 24
511 3599 680 3654 seruandum
694 3599 845 3655 Fabricius
904 3603 938 3652 25
952 3614 1070 3668 paruum

61 3668 96 3721 M
165 3676 200 3726 26
220 3669 311 3726 simile
329 3685 390 3725 esse
408 3668 538 3724 uideatur
557 3669 596 3723 M
