2378 3934
344 161 494 216 EPODON
515 169 555 218 16.
896 166 958 230 171

19 325 72 390 culis
102 325 288 411 contingere
323 325 431 390 Padus
466 327 588 410 potest,
625 328 744 392 nedum
781 330 958 413 cacumina,

19 439 70 499 eppe
89 438 154 480 cum
176 413 288 480 Padus
311 413 435 480 Galliae
458 415 509 499 sit,
532 411 675 494 Matinus
691 415 867 482 Calabriae.
899 441 959 503 per

19 506 80 568 ursin
93 526 164 590 ergo
186 504 317 569 uidetur
339 503 477 568 reditum
500 505 667 570 exsecrari.
726 507 769 570 29
793 508 831 570 in
855 529 957 574 mare

19 619 32 658 1
49 595 153 658 celsus
174 593 420 678 procurrerit
434 591 465 656 A
474 593 704 677 ppenninus.
740 594 956 682 Appenninus

19 705 51 746 111
74 706 124 766 per
152 683 296 748 mediam
329 682 457 747 Italiam
488 682 666 767 porrigitur
693 685 790 770 longe
819 707 838 749 a
865 687 982 751 maus

19 772 316 858 releganterdixit
351 773 392 836 in
427 793 529 835 mare
561 774 802 855 procurrerit
838 774 871 838 id
906 779 956 840 est

19 864 200 926 suunturium
214 863 280 926 fiet.
331 862 372 926 31
391 860 509 926 mirus
529 882 633 925 amor
650 862 758 928 iuuet
775 865 817 927 ut
832 863 955 949 tigres

19 948 137 1015 l'uidere
165 950 304 1016 cernis.
355 949 424 1034 ipse
454 971 493 1014 ex
517 949 669 1015 subiectis
693 952 835 1016 ostendit
858 975 956 1036 quam

19 1037 58 1100 trs.
155 1041 200 1104 32
245 1039 488 1104 adulteretur
533 1041 570 1102 et
610 1040 787 1106 columba
828 1041 954 1107 miluo.

19 1128 81 1190 rude
102 1129 363 1211 adulteretur,
385 1130 460 1212 quia
483 1127 600 1193 dicitur
622 1130 773 1194 columba
795 1130 876 1194 nulli
900 1131 995 1195 alii10

19 1217 157 1302 cumbere,
186 1241 286 1302 quarn
309 1218 361 1283 cui
385 1239 418 1282 se
441 1218 540 1281 semel
563 1216 681 1301 iunxit,
710 1219 774 1282 nisi
801 1219 885 1283 forte
914 1221 955 1284 ad

19 1307 118 1390 ntulit,
140 1308 232 1391 quod
246 1308 409 1372 diuersum
423 1306 542 1370 animal
557 1306 599 1371 sit
613 1307 731 1372 miluus
745 1329 783 1372 ac
797 1307 955 1372 columba.

19 1395 205 1460 *ttcredula
220 1418 289 1461 nec
308 1396 433 1460 flauos
448 1395 613 1460 timeant
627 1400 801 1461 armenta
814 1397 954 1461 leones.

19 1483 124 1568 n‘quae
153 1507 285 1570 semper
313 1485 442 1550 credula
470 1483 559 1548 sunt'
587 1486 642 1550 sed
672 1485 719 1549 ‘in
740 1485 802 1551 hoc
825 1485 955 1550 credula

19 1586 46 1634 ru
68 1578 97 1638 ut
126 1597 161 1639 se
195 1574 346 1639 leonibus
382 1573 607 1639 committant'.
698 1576 742 1640 34
778 1577 994 1659 ametque1⁵

19 1661 55 1724 ln
71 1664 160 1728 leuis
185 1664 319 1728 hircus
344 1685 518 1747 aequora.
568 1663 686 1748 duplex
709 1664 895 1748 diuersitas,
917 1669 954 1729 ut

27 1755 248 1838 suetaequora
274 1752 383 1818 hircus
405 1753 438 1816 id
462 1755 512 1818 est
534 1756 571 1816 ut
593 1752 628 1816 in
651 1754 733 1817 mari
755 1756 899 1817 moretur
922 1757 955 1818 et

19 1839 81 1912 plenis
99 1842 172 1925 fiat,
198 1865 273 1907 cunr
297 1842 441 1926 alioquin
465 1843 590 1906 setosus
614 1842 665 1906 sit.
734 1843 778 1907 35
800 1841 893 1906 haec
917 1845 954 1906 et

19 1934 240 2013 {repeterent
260 1931 409 1996 reditus
428 1929 655 1996 abscindere
675 1931 806 1995 dulces
825 1952 952 1995 eamus

19 2015 68 2081 uris
94 2023 294 2085 exsecrata
326 2020 475 2084 ciuitas.
535 2019 628 2084 ordo:
657 2020 748 2084 ‘haec
776 2018 993 2084 exsecrata'20

19 2127 35 2166 o:
49 2107 96 2172 hae
108 2112 314 2174 execratione
333 2109 367 2173 id
390 2113 439 2173 est
461 2109 668 2174 iureiurando
683 2109 885 2192 interposito.
920 2112 953 2172 et

19 2195 162 2280 lfigurata
201 2199 342 2265 elocutio
379 2197 501 2263 ‘eamus
538 2197 665 2262 ciuitas'
702 2202 739 2262 ut
779 2197 872 2262 Pars
913 2199 954 2262 in

19 2287 70 2368 lata
89 2291 230 2352 secant.
286 2287 416 2352 dulces
440 2290 548 2352 autem
575 2287 725 2352 reditus
747 2309 816 2352 non
839 2286 877 2351 de
900 2286 952 2352 his

19 2369 37 2450 jd
55 2372 176 2461 (quippe
203 2381 334 2441 tantum
362 2373 645 2463 abhorrentem),
674 2377 729 2440 sed
753 2376 809 2461 qui
832 2377 952 2461 alioqui
1030 2415 1032 2420 .

19 2459 58 2526 lus
76 2467 178 2530 solent
201 2489 281 2530 esse.
367 2466 409 2530 37
433 2469 499 2530 ant
521 2461 609 2550 pars
633 2465 795 2531 indocili
817 2466 952 2530 melior
967 2479 993 2520 25

19 2567 63 2634 {ege
88 2556 217 2620 mollis
250 2559 288 2620 et
320 2577 455 2640 exspes
487 2555 703 2620 inominata
739 2555 953 2639 perprimat

19 2635 99 2724 bilia:
130 2648 189 2708 aut
218 2643 324 2709 omnis
353 2644 466 2709 ciuitas
495 2665 619 2728 eamne,
647 2643 767 2728 inquit,
794 2648 851 2708 aut
877 2666 952 2728 pars

19 2725 54 2791 lior
77 2737 252 2817 remaneat,
285 2753 367 2818 quae
394 2733 500 2797 mollis
529 2732 629 2797 animi
657 2755 694 2798 ac
722 2733 790 2798 sine
820 2755 875 2816 spe
903 2736 953 2796 est

19 2817 114 2910 pesque
143 2824 286 2888 uirtutis.
339 2822 405 2887 fere
429 2827 537 2886 autem
560 2823 783 2906 imperitorum
807 2844 844 2887 ao
868 2822 952 2886 dcte-

19 2941 151 2964 *⁴*—

19 2971 57 3062 »w
72 3013 146 3084 Uerg.
165 3016 235 3070 Aen.
255 3023 279 3084 1,
300 3020 351 3070 212

19 3113 152 3134 Ἁ-

19 3171 168 3232 [lnatruas
189 3177 228 3229 M
298 3182 462 3231 3auxses1n
482 3178 520 3230 M
590 3178 784 3248 5porng1M
855 3183 953 3245 ltpro-

19 3241 50 3296 111
64 3244 94 3297 M
151 3247 266 3302 71ubet
284 3249 314 3300 et
331 3248 426 3316 tygres
446 3248 485 3301 M
545 3255 675 3317 amyrus
694 3249 733 3302 M
796 3254 827 3301 11
843 3263 953 3301 occum-

19 3312 73 3432 lM'
88 3318 266 3372 concumbere
282 3336 300 3386 ς
353 3335 411 3372 cur:
431 3337 500 3388 quur
515 3320 553 3373 M
607 3326 638 3374 13
653 3336 704 3374 nec
718 3320 819 3374 flauos:
838 3334 873 3372 nc
887 3335 953 3372 raus
974 3380 981 3393 1

19 3433 21 3456 4
63 3392 88 3440 16
104 3388 203 3458 hyrcus
222 3405 327 3458 equora
347 3389 385 3443 M
447 3395 479 3443 17
499 3407 622 3459 aequora
639 3391 742 3460 hyrcus
762 3391 800 3444 M
861 3391 891 3444 et
909 3391 953 3444 ut:

19 3453 65 3522 cll
143 3467 174 3515 19
194 3460 339 3516 obsordere
359 3504 365 3515 .
386 3503 392 3515 .
416 3478 512 3516 omnes
532 3462 571 3515 M
779 3461 833 3514 hac
851 3477 902 3516 uos
919 3478 954 3514 ca

19 3531 155 3599 u:propter
173 3532 213 3586 M
236 3586 244 3598 ,
309 3537 343 3586 24
362 3531 468 3602 quippe
486 3535 598 3587 tantum
717 3533 871 3600 urppecant
889 3547 953 3584 cum

19 3585 115 3668 lquppe
136 3619 199 3658 cum
223 3603 394 3660 abhorreant
416 3621 434 3670 ς
459 3604 523 3670 fort.
546 3620 576 3658 re
741 3608 775 3656 26
800 3617 897 3668 expers
918 3641 951 3655 ..

19 3671 134 3738 cremat(
150 3675 155 3685 '
167 3677 180 3740 )
199 3674 239 3728 M
310 3679 343 3727 27
362 3675 395 3728 ut
412 3690 478 3743 pars
