<?xml version="1.0" encoding="UTF-8"?>
<!DOCTYPE html PUBLIC "-//W3C//DTD XHTML 1.0 Transitional//EN"
    "http://www.w3.org/TR/xhtml1/DTD/xhtml1-transitional.dtd">
<html xmlns="http://www.w3.org/1999/xhtml" xml:lang="en" lang="en">
 <head>
  <title>
</title>
<meta http-equiv="Content-Type" content="text/html;charset=utf-8" />
  <meta name='ocr-system' content='tesseract 3.04.00' />
  <meta name='ocr-capabilities' content='ocr_page ocr_carea ocr_par ocr_line ocrx_word'/>
</head>
<body>
  <div class='ocr_page' id='page_1' title='image "./commentuminhora01porpgoog_0246.png"; bbox 0 0 2536 3936; ppageno 0'>
   <div class='ocr_carea' id='block_1_1' title="bbox 187 126 856 196">
    <p class='ocr_par' dir='ltr' id='par_1_1' title="bbox 187 126 856 196">
     <span class='ocr_line' id='line_1_1' title="bbox 187 126 856 196; baseline -0.012 -6"><span class='ocrx_word' id='word_1_1' title='bbox 187 128 253 192; x_wconf 78' lang='lat'>230</span> <span class='ocrx_word' id='word_1_2' title='bbox 534 126 656 183; x_wconf 75' lang='lat' dir='ltr'>suano</span> <span class='ocrx_word' id='word_1_3' title='bbox 675 126 696 196; x_wconf 87' lang='lat'>1,</span> <span class='ocrx_word' id='word_1_4' title='bbox 716 133 741 195; x_wconf 84' lang='lat' dir='ltr'>a,</span> <span class='ocrx_word' id='word_1_5' title='bbox 761 133 856 182; x_wconf 82' lang='lat' dir='ltr'>r-rc.</span> 
     </span>
    </p>
   </div>
   <div class='ocr_carea' id='block_1_2' title="bbox 137 289 1256 2685">
    <p class='ocr_par' dir='ltr' id='par_1_2' title="bbox 159 289 1196 1087">
     <span class='ocr_line' id='line_1_2' title="bbox 186 289 1196 377; baseline 0.003 -23"><span class='ocrx_word' id='word_1_6' title='bbox 186 293 203 354; x_wconf 80' lang='lat'><strong>7</strong></span> <span class='ocrx_word' id='word_1_7' title='bbox 228 295 412 377; x_wconf 82' lang='lat' dir='ltr'>notatque</span> <span class='ocrx_word' id='word_1_8' title='bbox 435 291 547 358; x_wconf 90' lang='lat' dir='ltr'>nouis</span> <span class='ocrx_word' id='word_1_9' title='bbox 571 290 739 354; x_wconf 82' lang='lat' dir='ltr'><strong>insidere</strong></span> <span class='ocrx_word' id='word_1_10' title='bbox 762 289 803 354; x_wconf 91' lang='lat' dir='ltr'>in</span> <span class='ocrx_word' id='word_1_11' title='bbox 824 289 958 355; x_wconf 89' lang='lat' dir='ltr'>hortis.</span> <span class='ocrx_word' id='word_1_12' title='bbox 989 292 1081 356; x_wconf 79' lang='lat' dir='ltr'>uocis</span> <span class='ocrx_word' id='word_1_13' title='bbox 1098 290 1196 357; x_wconf 79' lang='lat' dir='ltr'>bortis</span> 
     </span>
     <span class='ocr_line' id='line_1_3' title="bbox 184 374 1195 466; baseline 0 -22"><span class='ocrx_word' id='word_1_14' title='bbox 184 379 256 451; x_wconf 88' lang='lat' dir='ltr'>ideo</span> <span class='ocrx_word' id='word_1_15' title='bbox 280 381 374 466; x_wconf 86' lang='lat' dir='ltr'>dixit,</span> <span class='ocrx_word' id='word_1_16' title='bbox 403 374 502 465; x_wconf 84' lang='lat' dir='ltr'>quod,</span> <span class='ocrx_word' id='word_1_17' title='bbox 525 401 598 445; x_wconf 90' lang='lat' dir='ltr'>cum</span> <span class='ocrx_word' id='word_1_18' title='bbox 621 377 792 462; x_wconf 80' lang='lat' dir='ltr'>Esquilina</span> <span class='ocrx_word' id='word_1_19' title='bbox 814 379 904 463; x_wconf 85' lang='lat' dir='ltr'>regio</span> <span class='ocrx_word' id='word_1_20' title='bbox 927 379 1016 462; x_wconf 82' lang='lat' dir='ltr'>prius</span> <span class='ocrx_word' id='word_1_21' title='bbox 1033 380 1195 466; x_wconf 88' lang='lat' dir='ltr'>sepulcris</span> 
     </span>
     <span class='ocr_line' id='line_1_4' title="bbox 184 466 1195 554; baseline 0.002 -22"><span class='ocrx_word' id='word_1_22' title='bbox 184 472 217 532; x_wconf 89' lang='lat' dir='ltr'>et</span> <span class='ocrx_word' id='word_1_23' title='bbox 239 468 343 534; x_wconf 91' lang='lat' dir='ltr'>bustis</span> <span class='ocrx_word' id='word_1_24' title='bbox 366 473 506 552; x_wconf 84' lang='lat' dir='ltr'>uacaret,</span> <span class='ocrx_word' id='word_1_25' title='bbox 528 469 652 554; x_wconf 84' lang='lat' dir='ltr'>primus</span> <span class='ocrx_word' id='word_1_26' title='bbox 671 466 843 532; x_wconf 75' lang='lat' dir='ltr'>Maecenas</span> <span class='ocrx_word' id='word_1_27' title='bbox 867 468 1091 534; x_wconf 75' lang='lat' dir='ltr'>salubritatem</span> <span class='ocrx_word' id='word_1_28' title='bbox 1114 470 1195 534; x_wconf 87' lang='lat' dir='ltr'>aeris</span> 
     </span>
     <span class='ocr_line' id='line_1_5' title="bbox 184 555 1195 643; baseline 0.001 -22"><span class='ocrx_word' id='word_1_29' title='bbox 184 557 231 621; x_wconf 90' lang='lat' dir='ltr'>ibi</span> <span class='ocrx_word' id='word_1_30' title='bbox 245 578 314 623; x_wconf 87' lang='lat' dir='ltr'>esse</span> <span class='ocrx_word' id='word_1_31' title='bbox 328 581 444 643; x_wconf 89' lang='lat' dir='ltr'>passus</span> <span class='ocrx_word' id='word_1_32' title='bbox 457 558 570 623; x_wconf 85' lang='lat' dir='ltr'>hortos</span> <span class='ocrx_word' id='word_1_33' title='bbox 592 555 768 622; x_wconf 88' lang='lat' dir='ltr'>constituit</span> <span class='ocrx_word' id='word_1_34' title='bbox 800 558 910 640; x_wconf 85' lang='lat' dir='ltr'>potest</span> <span class='ocrx_word' id='word_1_35' title='bbox 931 557 1046 622; x_wconf 87' lang='lat' dir='ltr'>nouis</span> <span class='ocrx_word' id='word_1_36' title='bbox 1069 557 1195 623; x_wconf 89' lang='lat' dir='ltr'>hortis</span> 
     </span>
     <span class='ocr_line' id='line_1_6' title="bbox 159 644 1195 731; baseline 0.002 -22"><span class='ocrx_word' id='word_1_37' title='bbox 159 647 288 730; x_wconf 79' lang='lat' dir='ltr'>saccipi</span> <span class='ocrx_word' id='word_1_38' title='bbox 318 670 379 731; x_wconf 88' lang='lat' dir='ltr'>pro</span> <span class='ocrx_word' id='word_1_39' title='bbox 411 646 535 712; x_wconf 76' lang='lat' dir='ltr'>‘recens</span> <span class='ocrx_word' id='word_1_40' title='bbox 567 644 667 711; x_wconf 88' lang='lat' dir='ltr'>satis&#39;.</span> <span class='ocrx_word' id='word_1_41' title='bbox 720 645 859 710; x_wconf 83' lang='lat' dir='ltr'>maxime</span> <span class='ocrx_word' id='word_1_42' title='bbox 891 646 978 710; x_wconf 87' lang='lat' dir='ltr'>enim</span> <span class='ocrx_word' id='word_1_43' title='bbox 1009 667 1092 711; x_wconf 90' lang='lat' dir='ltr'>aues·</span> <span class='ocrx_word' id='word_1_44' title='bbox 1117 650 1195 712; x_wconf 89' lang='lat' dir='ltr'>tnnc</span> 
     </span>
     <span class='ocr_line' id='line_1_7' title="bbox 182 734 1194 818; baseline 0.001 -19"><span class='ocrx_word' id='word_1_45' title='bbox 182 735 403 818; x_wconf 80' lang='lat' dir='ltr'>prohibendae</span> <span class='ocrx_word' id='word_1_46' title='bbox 435 757 474 800; x_wconf 89' lang='lat' dir='ltr'>ex</span> <span class='ocrx_word' id='word_1_47' title='bbox 505 735 609 801; x_wconf 87' lang='lat' dir='ltr'>hortis</span> <span class='ocrx_word' id='word_1_48' title='bbox 641 737 731 817; x_wconf 85' lang='lat' dir='ltr'>sunt,</span> <span class='ocrx_word' id='word_1_49' title='bbox 768 755 810 798; x_wconf 89' lang='lat' dir='ltr'>na</span> <span class='ocrx_word' id='word_1_50' title='bbox 847 734 970 800; x_wconf 90' lang='lat' dir='ltr'>semina</span> <span class='ocrx_word' id='word_1_51' title='bbox 1005 735 1041 799; x_wconf 90' lang='lat' dir='ltr'>in</span> <span class='ocrx_word' id='word_1_52' title='bbox 1075 739 1194 800; x_wconf 87' lang='lat' dir='ltr'>terram</span> 
     </span>
     <span class='ocr_line' id='line_1_8' title="bbox 182 820 1194 910; baseline 0 -22"><span class='ocrx_word' id='word_1_53' title='bbox 182 825 282 888; x_wconf 89' lang='lat' dir='ltr'>missa</span> <span class='ocrx_word' id='word_1_54' title='bbox 305 825 469 910; x_wconf 81' lang='lat' dir='ltr'>colligant.</span> <span class='ocrx_word' id='word_1_55' title='bbox 542 826 582 889; x_wconf 90' lang='lat'>11</span> <span class='ocrx_word' id='word_1_56' title='bbox 606 822 823 889; x_wconf 74' lang='lat' dir='ltr'>Pantolabo</span> <span class='ocrx_word' id='word_1_57' title='bbox 852 843 1008 888; x_wconf 88' lang='lat' dir='ltr'>scurrae</span> <span class='ocrx_word' id='word_1_58' title='bbox 1031 820 1194 890; x_wconf 84' lang='lat' dir='ltr'>Nomen·</span> 
     </span>
     <span class='ocr_line' id='line_1_9' title="bbox 182 911 1194 998; baseline 0.002 -22"><span class='ocrx_word' id='word_1_59' title='bbox 182 916 350 997; x_wconf 88' lang='lat' dir='ltr'>tanoquc</span> <span class='ocrx_word' id='word_1_60' title='bbox 373 913 508 998; x_wconf 90' lang='lat' dir='ltr'>nepoti</span> <span class='ocrx_word' id='word_1_61' title='bbox 530 913 634 978; x_wconf 87' lang='lat' dir='ltr'>mille</span> <span class='ocrx_word' id='word_1_62' title='bbox 657 911 772 996; x_wconf 88' lang='lat' dir='ltr'>pedes</span> <span class='ocrx_word' id='word_1_63' title='bbox 795 911 836 976; x_wconf 91' lang='lat' dir='ltr'>in</span> <span class='ocrx_word' id='word_1_64' title='bbox 857 912 988 977; x_wconf 87' lang='lat' dir='ltr'>fronte</span> <span class='ocrx_word' id='word_1_65' title='bbox 1012 913 1194 998; x_wconf 83' lang='lat' dir='ltr'>etreliqua</span> 
     </span>
     <span class='ocr_line' id='line_1_10' title="bbox 183 1000 1196 1087; baseline 0.002 -22"><span class='ocrx_word' id='word_1_66' title='bbox 183 1021 340 1068; x_wconf 74' lang='lat' dir='ltr'>comrmtuc</span> <span class='ocrx_word' id='word_1_67' title='bbox 374 1002 546 1084; x_wconf 76' lang='lat' dir='ltr'>sepulcrum</span> <span class='ocrx_word' id='word_1_68' title='bbox 577 1000 803 1066; x_wconf 89' lang='lat' dir='ltr'>urbanissime.</span> <span class='ocrx_word' id='word_1_69' title='bbox 828 1000 945 1066; x_wconf 83' lang='lat' dir='ltr'>dicitnr</span> <span class='ocrx_word' id='word_1_70' title='bbox 979 1000 1061 1066; x_wconf 86' lang='lat' dir='ltr'>haec</span> <span class='ocrx_word' id='word_1_71' title='bbox 1096 1002 1196 1087; x_wconf 83' lang='lat' dir='ltr'>regio,</span> 
     </span>
    </p>

    <p class='ocr_par' dir='ltr' id='par_1_3' title="bbox 142 1089 1198 1530">
     <span class='ocr_line' id='line_1_11' title="bbox 142 1089 1198 1264; baseline 0.002 -22"><span class='ocrx_word' id='word_1_72' title='bbox 142 1091 671 1262; x_wconf 53' lang='lat' dir='ltr'>causabantur,</span> <span class='ocrx_word' id='word_1_73' title='bbox 695 1089 868 1262; x_wconf 63' lang='lat' dir='ltr'>tritu</span> <span class='ocrx_word' id='word_1_74' title='bbox 900 1091 1198 1264; x_wconf 60' lang='lat' dir='ltr'>currunt</span> 
     </span>
     <span class='ocr_line' id='line_1_12' title="bbox 183 1267 1197 1354; baseline 0.002 -24"><span class='ocrx_word' id='word_1_75' title='bbox 183 1268 250 1331; x_wconf 90' lang='lat' dir='ltr'>lata</span> <span class='ocrx_word' id='word_1_76' title='bbox 276 1268 476 1333; x_wconf 87' lang='lat' dir='ltr'>monimenta</span> <span class='ocrx_word' id='word_1_77' title='bbox 503 1272 668 1354; x_wconf 87' lang='lat' dir='ltr'>praestare</span> <span class='ocrx_word' id='word_1_78' title='bbox 694 1288 783 1332; x_wconf 89' lang='lat' dir='ltr'>nunc</span> <span class='ocrx_word' id='word_1_79' title='bbox 810 1267 940 1351; x_wconf 83' lang='lat' dir='ltr'>dicitur,</span> <span class='ocrx_word' id='word_1_80' title='bbox 970 1267 1093 1332; x_wconf 85' lang='lat' dir='ltr'>scilicet</span> <span class='ocrx_word' id='word_1_81' title='bbox 1121 1269 1197 1353; x_wconf 91' lang='lat' dir='ltr'>quia</span> 
     </span>
     <span class='ocr_line' id='line_1_13' title="bbox 182 1356 1195 1442; baseline 0.001 -22"><span class='ocrx_word' id='word_1_82' title='bbox 182 1356 310 1438; x_wconf 85' lang='lat' dir='ltr'>priuata</span> <span class='ocrx_word' id='word_1_83' title='bbox 342 1357 461 1422; x_wconf 85' lang='lat' dir='ltr'>habere</span> <span class='ocrx_word' id='word_1_84' title='bbox 493 1379 562 1424; x_wconf 89' lang='lat' dir='ltr'>non</span> <span class='ocrx_word' id='word_1_85' title='bbox 592 1359 753 1442; x_wconf 86' lang='lat' dir='ltr'>poterant.</span> <span class='ocrx_word' id='word_1_86' title='bbox 812 1357 896 1422; x_wconf 86' lang='lat' dir='ltr'>solet</span> <span class='ocrx_word' id='word_1_87' title='bbox 922 1359 1031 1424; x_wconf 86' lang='lat' dir='ltr'>autem</span> <span class='ocrx_word' id='word_1_88' title='bbox 1057 1356 1195 1441; x_wconf 89' lang='lat' dir='ltr'>priuatis</span> 
     </span>
     <span class='ocr_line' id='line_1_14' title="bbox 181 1444 1197 1530; baseline 0.002 -22"><span class='ocrx_word' id='word_1_89' title='bbox 181 1445 389 1510; x_wconf 79' lang='lat' dir='ltr'>monimentis</span> <span class='ocrx_word' id='word_1_90' title='bbox 421 1446 567 1530; x_wconf 90' lang='lat' dir='ltr'>inscribi,</span> <span class='ocrx_word' id='word_1_91' title='bbox 599 1449 680 1530; x_wconf 93' lang='lat' dir='ltr'>quot</span> <span class='ocrx_word' id='word_1_92' title='bbox 714 1444 811 1529; x_wconf 88' lang='lat' dir='ltr'>pedes</span> <span class='ocrx_word' id='word_1_93' title='bbox 848 1446 884 1509; x_wconf 88' lang='lat' dir='ltr'>in</span> <span class='ocrx_word' id='word_1_94' title='bbox 915 1444 1023 1510; x_wconf 90' lang='lat' dir='ltr'>fronte</span> <span class='ocrx_word' id='word_1_95' title='bbox 1054 1449 1135 1530; x_wconf 90' lang='lat' dir='ltr'>quot</span> <span class='ocrx_word' id='word_1_96' title='bbox 1162 1446 1197 1510; x_wconf 89' lang='lat' dir='ltr'>in</span> 
     </span>
    </p>

    <p class='ocr_par' dir='ltr' id='par_1_4' title="bbox 143 1533 1256 1976">
     <span class='ocr_line' id='line_1_15' title="bbox 143 1533 1196 1620; baseline -0.003 -19"><span class='ocrx_word' id='word_1_97' title='bbox 143 1556 169 1601; x_wconf 74' lang='lat' dir='ltr'>ss</span> <span class='ocrx_word' id='word_1_98' title='bbox 183 1534 270 1618; x_wconf 87' lang='lat' dir='ltr'>agris</span> <span class='ocrx_word' id='word_1_99' title='bbox 307 1534 464 1610; x_wconf 82' lang='lat' dir='ltr'>habeant3</span> <span class='ocrx_word' id='word_1_100' title='bbox 497 1535 576 1599; x_wconf 86' lang='lat' dir='ltr'>item</span> <span class='ocrx_word' id='word_1_101' title='bbox 607 1533 826 1620; x_wconf 85' lang='lat' dir='ltr'>singularibus</span> <span class='ocrx_word' id='word_1_102' title='bbox 858 1535 1046 1618; x_wconf 91' lang='lat' dir='ltr'>plerumque</span> <span class='ocrx_word' id='word_1_103' title='bbox 1079 1535 1196 1599; x_wconf 83' lang='lat' dir='ltr'>litteris</span> 
     </span>
     <span class='ocr_line' id='line_1_16' title="bbox 181 1622 1256 1689; baseline 0.002 -3"><span class='ocrx_word' id='word_1_104' title='bbox 181 1623 290 1686; x_wconf 88' lang='lat' dir='ltr'>notari</span> <span class='ocrx_word' id='word_1_105' title='bbox 318 1624 401 1688; x_wconf 81' lang='lat' dir='ltr'>solet</span> <span class='ocrx_word' id='word_1_106' title='bbox 427 1622 510 1689; x_wconf 90' lang='lat' dir='ltr'>Hoc</span> <span class='ocrx_word' id='word_1_107' title='bbox 536 1623 813 1689; x_wconf 87' lang='lat' dir='ltr'>monimentum</span> <span class='ocrx_word' id='word_1_108' title='bbox 839 1622 1000 1688; x_wconf 90' lang='lat' dir='ltr'>heredes</span> <span class='ocrx_word' id='word_1_109' title='bbox 1029 1644 1107 1688; x_wconf 90' lang='lat' dir='ltr'>non</span> <span class='ocrx_word' id='word_1_110' title='bbox 1138 1645 1196 1688; x_wconf 89' lang='lat' dir='ltr'>se·</span> <span class='ocrx_word' id='word_1_111' title='bbox 1255 1661 1256 1678; x_wconf 52' lang='lat'>1</span> 
     </span>
     <span class='ocr_line' id='line_1_17' title="bbox 183 1711 1196 1797; baseline 0.003 -23"><span class='ocrx_word' id='word_1_112' title='bbox 183 1714 335 1795; x_wconf 81' lang='lat' dir='ltr'>quetur,</span> <span class='ocrx_word' id='word_1_113' title='bbox 357 1712 507 1776; x_wconf 89' lang='lat' dir='ltr'>uidelicet</span> <span class='ocrx_word' id='word_1_114' title='bbox 528 1734 571 1777; x_wconf 88' lang='lat' dir='ltr'>ne</span> <span class='ocrx_word' id='word_1_115' title='bbox 594 1712 650 1797; x_wconf 90' lang='lat' dir='ltr'>qui</span> <span class='ocrx_word' id='word_1_116' title='bbox 672 1711 723 1776; x_wconf 89' lang='lat' dir='ltr'>ius</span> <span class='ocrx_word' id='word_1_117' title='bbox 745 1711 865 1776; x_wconf 87' lang='lat' dir='ltr'>habeat</span> <span class='ocrx_word' id='word_1_118' title='bbox 887 1711 1065 1778; x_wconf 83' lang='lat' dir='ltr'>inferendis</span> <span class='ocrx_word' id='word_1_119' title='bbox 1088 1711 1196 1777; x_wconf 89' lang='lat' dir='ltr'>ibire·</span> 
     </span>
     <span class='ocr_line' id='line_1_18' title="bbox 180 1799 1197 1883; baseline 0.004 -21"><span class='ocrx_word' id='word_1_120' title='bbox 180 1799 290 1883; x_wconf 90' lang='lat' dir='ltr'>liquiis</span> <span class='ocrx_word' id='word_1_121' title='bbox 312 1805 515 1867; x_wconf 89' lang='lat' dir='ltr'>mortuorum</span> <span class='ocrx_word' id='word_1_122' title='bbox 538 1802 706 1883; x_wconf 91' lang='lat' dir='ltr'>[tuorum].</span> <span class='ocrx_word' id='word_1_123' title='bbox 737 1800 801 1864; x_wconf 86' lang='lat' dir='ltr'>fuit</span> <span class='ocrx_word' id='word_1_124' title='bbox 824 1803 933 1866; x_wconf 87' lang='lat' dir='ltr'>autem</span> <span class='ocrx_word' id='word_1_125' title='bbox 944 1799 1076 1866; x_wconf 87' lang='lat' dir='ltr'>Mallius</span> <span class='ocrx_word' id='word_1_126' title='bbox 1095 1821 1197 1866; x_wconf 86' lang='lat' dir='ltr'>uerna</span> 
     </span>
     <span class='ocr_line' id='line_1_19' title="bbox 181 1888 1197 1976; baseline 0.002 -24"><span class='ocrx_word' id='word_1_127' title='bbox 181 1892 272 1954; x_wconf 90' lang='lat' dir='ltr'>trans</span> <span class='ocrx_word' id='word_1_128' title='bbox 296 1888 438 1954; x_wconf 81' lang='lat' dir='ltr'>Tiberim</span> <span class='ocrx_word' id='word_1_129' title='bbox 461 1888 612 1976; x_wconf 81' lang='lat' dir='ltr'>ingenuis</span> <span class='ocrx_word' id='word_1_130' title='bbox 636 1888 825 1974; x_wconf 86' lang='lat' dir='ltr'>parentibus</span> <span class='ocrx_word' id='word_1_131' title='bbox 853 1893 963 1973; x_wconf 85' lang='lat' dir='ltr'>natus,</span> <span class='ocrx_word' id='word_1_132' title='bbox 991 1889 1046 1973; x_wconf 92' lang='lat' dir='ltr'>qui</span> <span class='ocrx_word' id='word_1_133' title='bbox 1077 1889 1197 1973; x_wconf 86' lang='lat' dir='ltr'>quiea</span> 
     </span>
    </p>

    <p class='ocr_par' dir='ltr' id='par_1_5' title="bbox 140 1975 1255 2329">
     <span class='ocr_line' id='line_1_20' title="bbox 140 1975 1198 2064; baseline 0 -21"><span class='ocrx_word' id='word_1_134' title='bbox 140 2005 169 2044; x_wconf 78' lang='lat' dir='ltr'>so</span> <span class='ocrx_word' id='word_1_135' title='bbox 183 1978 294 2042; x_wconf 90' lang='lat' dir='ltr'>multis</span> <span class='ocrx_word' id='word_1_136' title='bbox 325 1979 496 2063; x_wconf 89' lang='lat' dir='ltr'>pecuniam</span> <span class='ocrx_word' id='word_1_137' title='bbox 528 1984 674 2045; x_wconf 86' lang='lat' dir='ltr'>mutuam</span> <span class='ocrx_word' id='word_1_138' title='bbox 706 1979 876 2064; x_wconf 84' lang='lat' dir='ltr'>erogabat,</span> <span class='ocrx_word' id='word_1_139' title='bbox 911 1975 1111 2043; x_wconf 86' lang='lat' dir='ltr'>Pantolabos</span> <span class='ocrx_word' id='word_1_140' title='bbox 1148 1983 1198 2043; x_wconf 87' lang='lat' dir='ltr'>cst</span> 
     </span>
     <span class='ocr_line' id='line_1_21' title="bbox 183 2067 1198 2153; baseline 0.002 -23"><span class='ocrx_word' id='word_1_141' title='bbox 183 2067 447 2152; x_wconf 81' lang='lat' dir='ltr'>cognominatus,</span> <span class='ocrx_word' id='word_1_142' title='bbox 479 2070 536 2134; x_wconf 81' lang='lat' dir='ltr'>sed</span> <span class='ocrx_word' id='word_1_143' title='bbox 562 2068 710 2153; x_wconf 88' lang='lat' dir='ltr'>quamuis</span> <span class='ocrx_word' id='word_1_144' title='bbox 743 2067 867 2152; x_wconf 86' lang='lat' dir='ltr'>aliquot</span> <span class='ocrx_word' id='word_1_145' title='bbox 897 2067 986 2132; x_wconf 88' lang='lat' dir='ltr'>uitiis</span> <span class='ocrx_word' id='word_1_146' title='bbox 1021 2070 1198 2152; x_wconf 88' lang='lat' dir='ltr'>teneretur,</span> 
     </span>
     <span class='ocr_line' id='line_1_22' title="bbox 181 2149 1255 2240; baseline 0.004 -23"><span class='ocrx_word' id='word_1_147' title='bbox 181 2157 292 2219; x_wconf 87' lang='lat' dir='ltr'>tamen</span> <span class='ocrx_word' id='word_1_148' title='bbox 318 2160 453 2240; x_wconf 91' lang='lat' dir='ltr'>propter</span> <span class='ocrx_word' id='word_1_149' title='bbox 480 2157 719 2222; x_wconf 87' lang='lat' dir='ltr'>scurrulitatem</span> <span class='ocrx_word' id='word_1_150' title='bbox 746 2155 964 2240; x_wconf 82' lang='lat' dir='ltr'>compluribus</span> <span class='ocrx_word' id='word_1_151' title='bbox 994 2158 1064 2220; x_wconf 88' lang='lat' dir='ltr'>crat</span> <span class='ocrx_word' id='word_1_152' title='bbox 1088 2155 1197 2221; x_wconf 90' lang='lat' dir='ltr'>dome·</span> <span class='ocrx_word' id='word_1_153' title='bbox 1254 2149 1255 2156; x_wconf 9' lang='grc' dir='ltr'>ἵ</span> 
     </span>
     <span class='ocr_line' id='line_1_23' title="bbox 183 2242 1196 2329; baseline 0.004 -24"><span class='ocrx_word' id='word_1_154' title='bbox 183 2243 262 2306; x_wconf 88' lang='lat' dir='ltr'>stice</span> <span class='ocrx_word' id='word_1_155' title='bbox 284 2247 392 2309; x_wconf 90' lang='lat' dir='ltr'>notus.</span> <span class='ocrx_word' id='word_1_156' title='bbox 425 2242 518 2310; x_wconf 74' lang='lat' dir='ltr'>(lassi</span> <span class='ocrx_word' id='word_1_157' title='bbox 541 2249 649 2310; x_wconf 90' lang='lat' dir='ltr'>autem</span> <span class='ocrx_word' id='word_1_158' title='bbox 670 2243 874 2310; x_wconf 83' lang='lat' dir='ltr'>Nomentani·</span> <span class='ocrx_word' id='word_1_159' title='bbox 892 2244 997 2329; x_wconf 87' lang='lat' dir='ltr'>huius,</span> <span class='ocrx_word' id='word_1_160' title='bbox 1020 2264 1116 2328; x_wconf 87' lang='lat' dir='ltr'>quem</span> <span class='ocrx_word' id='word_1_161' title='bbox 1140 2267 1196 2309; x_wconf 91' lang='lat' dir='ltr'>ne·</span> 
     </span>
    </p>

    <p class='ocr_par' dir='ltr' id='par_1_6' title="bbox 137 2333 1197 2420">
     <span class='ocr_line' id='line_1_24' title="bbox 137 2333 1197 2420; baseline 0 -22"><span class='ocrx_word' id='word_1_162' title='bbox 137 2381 149 2398; x_wconf 83' lang='lat'><strong>.</strong></span> <span class='ocrx_word' id='word_1_163' title='bbox 181 2334 292 2415; x_wconf 88' lang='lat' dir='ltr'>potem</span> <span class='ocrx_word' id='word_1_164' title='bbox 314 2336 447 2418; x_wconf 90' lang='lat' dir='ltr'>propter</span> <span class='ocrx_word' id='word_1_165' title='bbox 468 2334 640 2420; x_wconf 81' lang='lat' dir='ltr'>prodigam</span> <span class='ocrx_word' id='word_1_166' title='bbox 667 2334 769 2399; x_wconf 90' lang='lat' dir='ltr'>uitam</span> <span class='ocrx_word' id='word_1_167' title='bbox 797 2333 982 2418; x_wconf 85' lang='lat' dir='ltr'>appellauit,</span> <span class='ocrx_word' id='word_1_168' title='bbox 1010 2354 1107 2417; x_wconf 91' lang='lat' dir='ltr'>saepe</span> <span class='ocrx_word' id='word_1_169' title='bbox 1129 2355 1197 2398; x_wconf 88' lang='lat' dir='ltr'>me-</span> 
     </span>
    </p>

    <p class='ocr_par' dir='ltr' id='par_1_7' title="bbox 141 2419 1196 2506">
     <span class='ocr_line' id='line_1_25' title="bbox 141 2419 1196 2506; baseline 0.004 -22"><span class='ocrx_word' id='word_1_170' title='bbox 141 2419 286 2486; x_wconf 77' lang='lat' dir='ltr'>rsminit.</span> <span class='ocrx_word' id='word_1_171' title='bbox 357 2421 398 2486; x_wconf 85' lang='lat'>14</span> <span class='ocrx_word' id='word_1_172' title='bbox 425 2443 528 2489; x_wconf 88' lang='lat' dir='ltr'>nunc</span> <span class='ocrx_word' id='word_1_173' title='bbox 555 2423 650 2488; x_wconf 89' lang='lat' dir='ltr'>licet</span> <span class='ocrx_word' id='word_1_174' title='bbox 670 2422 862 2506; x_wconf 78' lang='lat' dir='ltr'>Esquiliis</span> <span class='ocrx_word' id='word_1_175' title='bbox 889 2421 1068 2486; x_wconf 89' lang='lat' dir='ltr'>habitare</span> <span class='ocrx_word' id='word_1_176' title='bbox 1092 2423 1196 2488; x_wconf 90' lang='lat' dir='ltr'>salu·</span> 
     </span>
    </p>

    <p class='ocr_par' dir='ltr' id='par_1_8' title="bbox 139 2509 1254 2685">
     <span class='ocr_line' id='line_1_26' title="bbox 139 2509 1197 2596; baseline 0.004 -24"><span class='ocrx_word' id='word_1_177' title='bbox 139 2585 140 2592; x_wconf 15' lang='lat'>¹</span> <span class='ocrx_word' id='word_1_178' title='bbox 180 2509 325 2574; x_wconf 88' lang='lat' dir='ltr'>bribus.</span> <span class='ocrx_word' id='word_1_179' title='bbox 385 2510 522 2595; x_wconf 86' lang='lat' dir='ltr'>scilicet,</span> <span class='ocrx_word' id='word_1_180' title='bbox 559 2512 635 2596; x_wconf 88' lang='lat' dir='ltr'>quia</span> <span class='ocrx_word' id='word_1_181' title='bbox 666 2513 838 2596; x_wconf 89' lang='lat' dir='ltr'>promotae</span> <span class='ocrx_word' id='word_1_182' title='bbox 874 2511 1004 2596; x_wconf 84' lang='lat' dir='ltr'>longius</span> <span class='ocrx_word' id='word_1_183' title='bbox 1041 2511 1197 2594; x_wconf 87' lang='lat' dir='ltr'>ustrinae,</span> 
     </span>
     <span class='ocr_line' id='line_1_27' title="bbox 182 2597 1254 2685; baseline 0 -21"><span class='ocrx_word' id='word_1_184' title='bbox 182 2597 325 2666; x_wconf 81' lang='lat' dir='ltr'>salubres</span> <span class='ocrx_word' id='word_1_185' title='bbox 348 2599 455 2664; x_wconf 86' lang='lat' dir='ltr'>factae</span> <span class='ocrx_word' id='word_1_186' title='bbox 479 2604 556 2666; x_wconf 90' lang='lat' dir='ltr'>sunt</span> <span class='ocrx_word' id='word_1_187' title='bbox 568 2599 745 2685; x_wconf 80' lang='lat' dir='ltr'>Esquiliae.</span> <span class='ocrx_word' id='word_1_188' title='bbox 801 2599 842 2664; x_wconf 89' lang='lat'>16</span> <span class='ocrx_word' id='word_1_189' title='bbox 866 2599 967 2666; x_wconf 87' lang='lat' dir='ltr'>albis</span> <span class='ocrx_word' id='word_1_190' title='bbox 990 2599 1197 2666; x_wconf 82' lang='lat' dir='ltr'>informem</span> <span class='ocrx_word' id='word_1_191' title='bbox 1253 2623 1254 2628; x_wconf 49' lang='lat'>¹</span> 
     </span>
    </p>
   </div>
   <div class='ocr_carea' id='block_1_3' title="bbox 179 2754 1253 3609">
    <p class='ocr_par' dir='ltr' id='par_1_9' title="bbox 179 2754 1198 3110">
     <span class='ocr_line' id='line_1_28' title="bbox 252 2754 1163 2826; baseline 0.003 -18"><span class='ocrx_word' id='word_1_192' title='bbox 252 2754 362 2810; x_wconf 87' lang='lat' dir='ltr'>lnouis</span> <span class='ocrx_word' id='word_1_193' title='bbox 376 2756 466 2812; x_wconf 87' lang='lat' dir='ltr'>hortis</span> <span class='ocrx_word' id='word_1_194' title='bbox 481 2757 581 2813; x_wconf 80' lang='lat' dir='ltr'>addidi</span> <span class='ocrx_word' id='word_1_195' title='bbox 633 2757 791 2812; x_wconf 76' lang='lat' dir='ltr'>asbusm</span> <span class='ocrx_word' id='word_1_196' title='bbox 804 2774 839 2811; x_wconf 86' lang='lat' dir='ltr'>m.</span> <span class='ocrx_word' id='word_1_197' title='bbox 854 2761 883 2812; x_wconf 83' lang='lat'>2.</span> <span class='ocrx_word' id='word_1_198' title='bbox 898 2758 917 2812; x_wconf 82' lang='lat' dir='ltr'>i.</span> <span class='ocrx_word' id='word_1_199' title='bbox 931 2773 1018 2826; x_wconf 72' lang='lat' dir='ltr'>musy.</span> <span class='ocrx_word' id='word_1_200' title='bbox 1037 2757 1101 2812; x_wconf 85' lang='lat' dir='ltr'>add.</span> <span class='ocrx_word' id='word_1_201' title='bbox 1122 2757 1163 2810; x_wconf 88' lang='lat' dir='ltr'><strong><em>M</em></strong></span> 
     </span>
     <span class='ocr_line' id='line_1_29' title="bbox 180 2827 1194 2898; baseline 0.003 -20"><span class='ocrx_word' id='word_1_202' title='bbox 180 2831 198 2878; x_wconf 86' lang='lat'>4</span> <span class='ocrx_word' id='word_1_203' title='bbox 215 2841 326 2894; x_wconf 84' lang='lat' dir='ltr'>passus:</span> <span class='ocrx_word' id='word_1_204' title='bbox 345 2827 416 2882; x_wconf 86' lang='lat' dir='ltr'>ritus</span> <span class='ocrx_word' id='word_1_205' title='bbox 435 2828 552 2898; x_wconf 71' lang='lat' dir='ltr'>(natust)</span> <span class='ocrx_word' id='word_1_206' title='bbox 572 2846 591 2898; x_wconf 82' lang='grc' dir='ltr'><strong><em>ς</em></strong></span> <span class='ocrx_word' id='word_1_207' title='bbox 678 2829 774 2898; x_wconf 87' lang='lat' dir='ltr'>potest</span> <span class='ocrx_word' id='word_1_208' title='bbox 799 2829 845 2884; x_wconf 76' lang='lat' dir='ltr'>ct?</span> <span class='ocrx_word' id='word_1_209' title='bbox 935 2833 951 2882; x_wconf 78' lang='lat' dir='ltr'>b</span> <span class='ocrx_word' id='word_1_210' title='bbox 970 2843 1037 2883; x_wconf 82' lang='lat' dir='ltr'>aues</span> <span class='ocrx_word' id='word_1_211' title='bbox 1055 2829 1124 2882; x_wconf 89' lang='lat' dir='ltr'>tunc</span> <span class='ocrx_word' id='word_1_212' title='bbox 1143 2828 1194 2897; x_wconf 55' lang='lat' dir='ltr'>(tq</span> 
     </span>
     <span class='ocr_line' id='line_1_30' title="bbox 179 2897 1195 2955; baseline 0.004 -6"><span class='ocrx_word' id='word_1_213' title='bbox 179 2911 243 2950; x_wconf 72' lang='lat' dir='ltr'>scos:</span> <span class='ocrx_word' id='word_1_214' title='bbox 260 2897 387 2952; x_wconf 79' lang='lat' dir='ltr'>auestdifi</span> <span class='ocrx_word' id='word_1_215' title='bbox 407 2898 446 2952; x_wconf 88' lang='lat' dir='ltr'><strong><em>M</em></strong></span> <span class='ocrx_word' id='word_1_216' title='bbox 524 2901 616 2955; x_wconf 73' lang='lat' dir='ltr'>tortu</span> <span class='ocrx_word' id='word_1_217' title='bbox 635 2899 673 2954; x_wconf 89' lang='lat' dir='ltr'><strong><em>M</em></strong></span> <span class='ocrx_word' id='word_1_218' title='bbox 750 2900 911 2954; x_wconf 75' lang='lat' dir='ltr'>intermissa</span> <span class='ocrx_word' id='word_1_219' title='bbox 930 2899 968 2953; x_wconf 87' lang='lat' dir='ltr'><strong><em>M</em></strong></span> <span class='ocrx_word' id='word_1_220' title='bbox 1045 2903 1195 2954; x_wconf 81' lang='lat' dir='ltr'>&#39;laomen-</span> 
     </span>
     <span class='ocr_line' id='line_1_31' title="bbox 180 2969 1195 3041; baseline 0.005 -21"><span class='ocrx_word' id='word_1_221' title='bbox 180 2972 301 3036; x_wconf 88' lang='lat' dir='ltr'>taneque</span> <span class='ocrx_word' id='word_1_222' title='bbox 326 2969 364 3023; x_wconf 87' lang='lat' dir='ltr'><strong><em>M</em></strong></span> <span class='ocrx_word' id='word_1_223' title='bbox 452 2976 467 3024; x_wconf 84' lang='lat'>9</span> <span class='ocrx_word' id='word_1_224' title='bbox 492 2986 638 3025; x_wconf 89' lang='lat' dir='ltr'>commune</span> <span class='ocrx_word' id='word_1_225' title='bbox 662 2988 719 3039; x_wconf 89' lang='lat' dir='ltr'>sep.</span> <span class='ocrx_word' id='word_1_226' title='bbox 743 2971 857 3037; x_wconf 79' lang='lat' dir='ltr'>addidi,</span> <span class='ocrx_word' id='word_1_227' title='bbox 885 2969 995 3025; x_wconf 78' lang='lat' dir='ltr'>dicitur,</span> <span class='ocrx_word' id='word_1_228' title='bbox 1022 2970 1093 3026; x_wconf 83' lang='lat' dir='ltr'>haec</span> <span class='ocrx_word' id='word_1_229' title='bbox 1114 2970 1195 3041; x_wconf 83' lang='lat' dir='ltr'>regio</span> 
     </span>
     <span class='ocr_line' id='line_1_32' title="bbox 181 3041 1198 3110; baseline 0.003 -19"><span class='ocrx_word' id='word_1_230' title='bbox 181 3053 340 3108; x_wconf 68' lang='lat' dir='ltr'>namqueg</span> <span class='ocrx_word' id='word_1_231' title='bbox 413 3046 446 3095; x_wconf 92' lang='lat'>10</span> <span class='ocrx_word' id='word_1_232' title='bbox 464 3042 593 3110; x_wconf 84' lang='lat' dir='ltr'>puphcas</span> <span class='ocrx_word' id='word_1_233' title='bbox 613 3041 652 3095; x_wconf 90' lang='lat' dir='ltr'><strong><em>M</em></strong></span> <span class='ocrx_word' id='word_1_234' title='bbox 721 3041 805 3110; x_wconf 81' lang='lat' dir='ltr'>quale</span> <span class='ocrx_word' id='word_1_235' title='bbox 821 3041 860 3096; x_wconf 90' lang='lat' dir='ltr'><strong><em>M</em></strong></span> <span class='ocrx_word' id='word_1_236' title='bbox 930 3047 963 3095; x_wconf 77' lang='lat'>12</span> <span class='ocrx_word' id='word_1_237' title='bbox 982 3058 1068 3096; x_wconf 88' lang='lat' dir='ltr'>nunc:</span> <span class='ocrx_word' id='word_1_238' title='bbox 1086 3056 1144 3096; x_wconf 89' lang='lat' dir='ltr'>non</span> <span class='ocrx_word' id='word_1_239' title='bbox 1159 3042 1198 3095; x_wconf 91' lang='lat' dir='ltr'><strong><em>M</em></strong></span> 
     </span>
    </p>

    <p class='ocr_par' dir='ltr' id='par_1_10' title="bbox 179 3112 1253 3536">
     <span class='ocr_line' id='line_1_33' title="bbox 250 3112 1253 3182; baseline 0.004 -19"><span class='ocrx_word' id='word_1_240' title='bbox 250 3115 283 3164; x_wconf 89' lang='grc'>13</span> <span class='ocrx_word' id='word_1_241' title='bbox 302 3112 421 3180; x_wconf 85' lang='lat' dir='ltr'>poterat,</span> <span class='ocrx_word' id='word_1_242' title='bbox 439 3128 474 3165; x_wconf 84' lang='lat' dir='ltr'>m.</span> <span class='ocrx_word' id='word_1_243' title='bbox 493 3112 711 3180; x_wconf 78' lang='lat' dir='ltr'>2.nadd.,M</span> <span class='ocrx_word' id='word_1_244' title='bbox 795 3117 829 3166; x_wconf 81' lang='lat'>14</span> <span class='ocrx_word' id='word_1_245' title='bbox 847 3113 884 3181; x_wconf 81' lang='lat' dir='ltr'>qd</span> <span class='ocrx_word' id='word_1_246' title='bbox 904 3113 946 3167; x_wconf 78' lang='lat' dir='ltr'>bis</span> <span class='ocrx_word' id='word_1_247' title='bbox 1022 3113 1196 3182; x_wconf 61' lang='lat' dir='ltr'>petraria</span> <span class='ocrx_word' id='word_1_248' title='bbox 1252 3127 1253 3138; x_wconf 60' lang='lat'>¹</span> 
     </span>
     <span class='ocr_line' id='line_1_34' title="bbox 179 3181 1196 3266; baseline 0.005 -33"><span class='ocrx_word' id='word_1_249' title='bbox 179 3193 283 3236; x_wconf 71' lang='lat' dir='ltr'>creor.</span> <span class='ocrx_word' id='word_1_250' title='bbox 302 3198 337 3235; x_wconf 86' lang='lat' dir='ltr'>m.</span> <span class='ocrx_word' id='word_1_251' title='bbox 356 3185 396 3248; x_wconf 70' lang='lat'>2„</span> <span class='ocrx_word' id='word_1_252' title='bbox 416 3181 455 3236; x_wconf 93' lang='lat' dir='ltr'><strong><em>M</em></strong></span> <span class='ocrx_word' id='word_1_253' title='bbox 517 3188 550 3237; x_wconf 80' lang='lat'>15</span> <span class='ocrx_word' id='word_1_254' title='bbox 569 3199 646 3254; x_wconf 83' lang='lat' dir='ltr'>agro,</span> <span class='ocrx_word' id='word_1_255' title='bbox 666 3200 682 3238; x_wconf 94' lang='lat' dir='ltr'>o</span> <span class='ocrx_word' id='word_1_256' title='bbox 701 3184 733 3238; x_wconf 79' lang='lat' dir='ltr'>in</span> <span class='ocrx_word' id='word_1_257' title='bbox 750 3201 775 3238; x_wconf 83' lang='lat' dir='ltr'>rs</span> <span class='ocrx_word' id='word_1_258' title='bbox 792 3199 861 3238; x_wconf 80' lang='lat' dir='ltr'>cmr.</span> <span class='ocrx_word' id='word_1_259' title='bbox 880 3199 915 3255; x_wconf 83' lang='lat' dir='ltr'>m.¹</span> <span class='ocrx_word' id='word_1_260' title='bbox 934 3183 1024 3250; x_wconf 88' lang='lat' dir='ltr'><strong><em>1.,M</em></strong></span> <span class='ocrx_word' id='word_1_261' title='bbox 1083 3183 1196 3266; x_wconf 86' lang='lat' dir='ltr'>plerum</span> 
     </span>
     <span class='ocr_line' id='line_1_35' title="bbox 179 3247 1195 3324; baseline 0.006 -22"><span class='ocrx_word' id='word_1_262' title='bbox 179 3247 277 3318; x_wconf 84' lang='lat' dir='ltr'>lrtterr,</span> <span class='ocrx_word' id='word_1_263' title='bbox 297 3269 329 3320; x_wconf 87' lang='lat' dir='ltr'>q;</span> <span class='ocrx_word' id='word_1_264' title='bbox 347 3257 373 3306; x_wconf 81' lang='lat' dir='ltr'>ct</span> <span class='ocrx_word' id='word_1_265' title='bbox 391 3271 403 3307; x_wconf 90' lang='lat' dir='ltr'>s</span> <span class='ocrx_word' id='word_1_266' title='bbox 422 3254 486 3309; x_wconf 83' lang='lat' dir='ltr'>add.</span> <span class='ocrx_word' id='word_1_267' title='bbox 504 3271 540 3310; x_wconf 84' lang='lat' dir='ltr'>m.</span> <span class='ocrx_word' id='word_1_268' title='bbox 559 3259 588 3323; x_wconf 81' lang='lat'>2,</span> <span class='ocrx_word' id='word_1_269' title='bbox 608 3255 647 3309; x_wconf 97' lang='lat' dir='ltr'><strong><em>M</em></strong></span> <span class='ocrx_word' id='word_1_270' title='bbox 749 3260 781 3309; x_wconf 85' lang='lat'>16</span> <span class='ocrx_word' id='word_1_271' title='bbox 801 3255 932 3323; x_wconf 84' lang='lat' dir='ltr'>sequetur</span> <span class='ocrx_word' id='word_1_272' title='bbox 949 3255 993 3310; x_wconf 79' lang='lat' dir='ltr'>uel</span> <span class='ocrx_word' id='word_1_273' title='bbox 1011 3255 1140 3324; x_wconf 83' lang='lat' dir='ltr'>seqmtur</span> <span class='ocrx_word' id='word_1_274' title='bbox 1159 3274 1195 3324; x_wconf 74' lang='grc' dir='ltr'>ςε</span> 
     </span>
     <span class='ocr_line' id='line_1_36' title="bbox 180 3323 1196 3452; baseline 0.008 -8"><span class='ocrx_word' id='word_1_275' title='bbox 180 3323 595 3451; x_wconf 45' lang='lat' dir='ltr'>leSqiiidllidsIbiae&#39;uallrirsqddrui</span> <span class='ocrx_word' id='word_1_276' title='bbox 614 3323 1122 3452; x_wconf 45' lang='lat' dir='ltr'>{tfuemgngerpnffibaneqeqffiaqu</span> <span class='ocrx_word' id='word_1_277' title='bbox 1159 3403 1196 3452; x_wconf 76' lang='lat'>22</span> 
     </span>
     <span class='ocr_line' id='line_1_37' title="bbox 180 3461 1198 3536; baseline 0.008 -22"><span class='ocrx_word' id='word_1_278' title='bbox 180 3462 370 3531; x_wconf 82' lang='lat' dir='ltr'>cumplurrbus</span> <span class='ocrx_word' id='word_1_279' title='bbox 390 3465 429 3518; x_wconf 92' lang='lat' dir='ltr'><strong><em>M</em></strong></span> <span class='ocrx_word' id='word_1_280' title='bbox 534 3467 695 3524; x_wconf 84' lang='lat' dir='ltr'>domestrcrs</span> <span class='ocrx_word' id='word_1_281' title='bbox 715 3467 764 3533; x_wconf 85' lang='lat' dir='ltr'>M,</span> <span class='ocrx_word' id='word_1_282' title='bbox 783 3461 934 3522; x_wconf 85' lang='lat' dir='ltr'>domestice</span> <span class='ocrx_word' id='word_1_283' title='bbox 953 3468 1011 3520; x_wconf 84' lang='lat' dir='ltr'>cod.</span> <span class='ocrx_word' id='word_1_284' title='bbox 1030 3487 1055 3536; x_wconf 79' lang='grc' dir='ltr'>γ.</span> <span class='ocrx_word' id='word_1_285' title='bbox 1074 3467 1198 3524; x_wconf 70' lang='lat' dir='ltr'>Acconis</span> 
     </span>
    </p>

    <p class='ocr_par' dir='ltr' id='par_1_11' title="bbox 252 3537 1197 3609">
     <span class='ocr_line' id='line_1_38' title="bbox 252 3537 1197 3609; baseline 0.006 -22"><span class='ocrx_word' id='word_1_286' title='bbox 252 3539 285 3586; x_wconf 82' lang='lat'>23</span> <span class='ocrx_word' id='word_1_287' title='bbox 305 3551 439 3604; x_wconf 87' lang='lat' dir='ltr'>cmusque</span> <span class='ocrx_word' id='word_1_288' title='bbox 459 3537 497 3590; x_wconf 91' lang='lat' dir='ltr'><strong><em>M</em></strong></span> <span class='ocrx_word' id='word_1_289' title='bbox 584 3545 620 3592; x_wconf 81' lang='lat'>24</span> <span class='ocrx_word' id='word_1_290' title='bbox 637 3538 806 3609; x_wconf 73' lang='lat' dir='ltr'>prodrgnam</span> <span class='ocrx_word' id='word_1_291' title='bbox 824 3581 831 3595; x_wconf 89' lang='lat'><strong>.</strong></span> <span class='ocrx_word' id='word_1_292' title='bbox 852 3581 857 3593; x_wconf 94' lang='lat'><em>.</em></span> <span class='ocrx_word' id='word_1_293' title='bbox 876 3537 1014 3607; x_wconf 70' lang='lat' dir='ltr'>sponsus</span> <span class='ocrx_word' id='word_1_294' title='bbox 1033 3537 1072 3592; x_wconf 91' lang='lat' dir='ltr'><strong><em>M</em></strong></span> <span class='ocrx_word' id='word_1_295' title='bbox 1161 3546 1197 3594; x_wconf 80' lang='lat' dir='ltr'>2ss</span> 
     </span>
    </p>
   </div>
   <div class='ocr_carea' id='block_1_4' title="bbox 179 3610 578 3693">
    <p class='ocr_par' dir='ltr' id='par_1_12' title="bbox 179 3610 578 3693">
     <span class='ocr_line' id='line_1_39' title="bbox 179 3610 578 3693; baseline 0.01 -21"><span class='ocrx_word' id='word_1_296' title='bbox 179 3621 316 3688; x_wconf 83' lang='lat' dir='ltr'>promote.</span> <span class='ocrx_word' id='word_1_297' title='bbox 340 3610 522 3693; x_wconf 77' lang='lat' dir='ltr'>longriiltnne</span> <span class='ocrx_word' id='word_1_298' title='bbox 542 3626 578 3680; x_wconf 88' lang='lat' dir='ltr'><strong><em>M</em></strong></span> 
     </span>
    </p>
   </div>
   <div class='ocr_carea' id='block_1_5' title="bbox 0 0 1272 3936">
    <p class='ocr_par' dir='ltr' id='par_1_13' title="bbox 0 0 1272 3936">
     <span class='ocr_line' id='line_1_40' title="bbox 0 0 1272 3936; baseline 0 0"><span class='ocrx_word' id='word_1_299' title='bbox 0 0 1272 3936; x_wconf 95' lang='lat' dir='ltr'> </span> 
     </span>
    </p>
   </div>
  </div>
 </body>
</html>
