2378 3934
162 148 225 213 192
494 146 617 204 81111110
636 148 657 216 1,
677 154 702 216 a,
722 152 837 202 os-ar.

160 313 340 378 miserum
372 316 405 377 et
436 312 567 396 reliqua.
618 313 717 375 notus
750 313 800 375 est
832 310 918 394 apud
950 309 1187 398 Terentium]

160 399 369 466 Menedemus
392 401 446 466 ille
469 421 580 484 senex,
608 400 664 484 qui
686 399 726 463 de
750 421 784 464 se
806 421 929 484 poenas
953 398 1070 484 exigit,
1094 401 1187 483 quod*

160 489 264 554 filium
286 512 306 554 a
325 511 359 556 se
381 511 439 574 per
462 488 614 554 duritiam
638 488 688 552 sui
709 487 883 574 fugauerit.
951 487 995 553 25
1017 487 1171 554 Malthi-

160 601 231 643 nus
263 579 407 644 tunicis
440 577 625 643 demissis.
671 577 732 642 sub
761 575 914 642 Malthini
936 577 1070 642 nomine
1096 578 1187 662 qui·¹

135 667 247 732 edam
263 665 484 732 Maecenatem
508 667 714 752 suspicantur
729 666 912 751 significari.
959 667 1000 730 ab
1019 687 1055 732 re
1069 669 1187 730 tamen¹

160 777 281 822 nomen
312 757 413 822 finxit.
472 755 596 820 maltha
623 755 710 820 enim
736 757 879 822 malacos
909 754 1035 822 dicitur.
1084 777 1174 840 porro

162 848 270 910 autem
297 845 416 910 tunicis
448 843 595 910 demissis
626 845 791 910 ambulare
819 866 931 910 eorum
958 847 1023 929 est,
1061 846 1118 929 qui
1146 843 1187 908 se

161 935 274 998 molles
297 955 335 998 ac
359 933 512 999 delicatos
534 933 639 998 uelint
660 933 782 1000 haberi.
850 933 893 999 26
929 933 1085 998 facetus
1116 957 1187 1016 pas

161 1023 290 1087 stilles
313 1021 487 1088 Rufillus
520 1023 614 1108 olet,
643 1021 861 1108 Gargonius
892 1022 1052 1088 hircum.
1100 1022 1187 1086 barm¹

161 1111 566 1266 illatatffilbtt
585 1111 1174 1284 imlffemtimdnit'tilillntitss

160 1288 246 1354 iusto
271 1224 450 1376 adfectaiit,
482 1290 538 1354 alii
566 1291 690 1354 nullam
723 1223 867 1374 eirpbiis
895 1289 946 1355 sui
974 1289 1103 1354 habent
1130 1293 1187 1360 eu}

161 1399 240 1442 ram.
308 1379 351 1444 28
389 1384 479 1444 sunt
511 1379 575 1464 qui
606 1379 737 1444 nolint
768 1379 954 1465 tetigisse
982 1379 1063 1444 nisi
1091 1379 1187 1444 illas

163 1489 321 1550 quarum
340 1468 500 1533 subsuta
539 1467 639 1534 talos
662 1471 771 1553 tegat
795 1468 818 1550 ['
844 1471 857 1550 ]
884 1469 1027 1534 instita
1065 1473 1172 1534 ueste.

122 1567 148 1610 1⁵
162 1559 329 1621 matronas
352 1556 522 1641 significat.
566 1557 647 1622 haec
670 1557 756 1622 enim
776 1559 860 1624 stola
882 1561 1018 1623 utuntur
1034 1557 1080 1622 ad
1099 1559 1187 1623 imos

162 1644 259 1728 pedes
283 1644 435 1729 demissa,
467 1646 557 1710 cuius
586 1646 686 1710 imam
712 1651 839 1731 partem
862 1647 964 1712 ambit
985 1647 1104 1713 instita
1126 1648 1187 1712 ad-i

163 1735 245 1796 suta.
312 1733 353 1797 31
386 1733 540 1818 quidam
562 1738 680 1800 notus
702 1735 814 1802 homo
843 1757 925 1801 cum
955 1737 1081 1802 exiret
1103 1737 1174 1801 for-

162 1821 247 1887 nice
270 1824 402 1887 macte.
446 1821 575 1888 Marcus
589 1821 671 1890 Cato
694 1825 748 1889 ille
763 1823 936 1891 Censorius
955 1846 1029 1890 cum
1042 1825 1187 1890 uidisset?

162 1910 327 1976 hominem
349 1911 523 1978 honestum
546 1935 564 1978 e
586 1913 710 1978 fornice
733 1917 916 1998 exeuntem,
942 1913 1094 1979 laudauit
1129 1937 1172 1977 ex-

126 2011 153 2054 20
166 2000 315 2066 istimans
347 2001 513 2068 libidinem
537 2003 803 2087 compescendam
835 2024 903 2068 esse
936 2003 1005 2068 sine
1037 2004 1174 2068 crimine.

165 2094 287 2154 macte
311 2094 419 2155 autem
443 2091 559 2177 ‘magis
582 2095 675 2156 aucte
698 2092 731 2156 id
745 2095 795 2158 est
809 2091 982 2157 cumulate'
1006 2093 1187 2178 significat

252 2179 295 2243 35
318 2179 438 2244 nolim
460 2180 658 2247 laudarier
676 2181 816 2266 inquit.
862 2180 962 2248 Gaius
977 2179 1187 2265 Cupiennius¹

162 2264 244 2331 Libo
268 2265 432 2333 Cumanus
455 2269 597 2355 Augusti
628 2270 849 2338 familiaritate
889 2272 995 2336 clarus
1033 2270 1187 2355 corporis⁸¹

164 2355 213 2418 sui
237 2355 503 2440 diligentissimus
538 2359 602 2424 fuit
634 2363 775 2433 sectator
805 2365 1029 2426 matronarum
1062 2369 1187 2426 conca-³

122 2455 148 2496 ²⁵
162 2442 259 2508 bitus,
305 2445 384 2509 albi
412 2449 520 2512 autem
543 2469 612 2513 non
632 2471 693 2534 pro
717 2449 852 2514 candido
876 2449 1005 2514 uidetur
1027 2449 1111 2515 mihi
1134 2449 1174 2512 di-

164 2532 262 2616 xisse,
290 2555 362 2598 cum
386 2535 497 2619 utique
519 2537 646 2621 possint
673 2541 707 2602 ot
728 2539 879 2625 uulgares
902 2539 1054 2604 mulieres
1079 2539 1172 2604 etiam

162 2621 344 2688 meretrices
373 2625 527 2690 candidae
559 2648 643 2712 esso,
673 2628 728 2693 sed
758 2628 799 2692 ad
825 2630 949 2694 uestem
977 2628 1088 2693 albam
1116 2649 1174 2711 qua

162 2715 328 2778 matronae
360 2713 498 2779 maxime
530 2718 667 2782 utuntur
698 2721 777 2801 puto
810 2718 947 2782 relatum
979 2738 1059 2782 esse.
1134 2717 1172 2779 37

162 2801 294 2866 audire
332 2806 391 2867 est
423 2826 563 2889 operae
585 2806 731 2889 petiam
753 2805 960 2890 procedere
982 2809 1090 2870 recte
1114 2805 1172 2890 qui

122 2890 332 2956 ³0moechis
368 2913 445 2958 non
480 2895 602 2959 uultis
639 2897 680 2958 ut
716 2895 820 2960 omni
850 2899 959 2979 parte
982 2895 1169 2960 laborent.

162 2975 284 3042 urbane
308 2977 452 3046 abutitur
474 2981 663 3048 Ennianis
687 2984 846 3049 uersibus:

234 3191 368 3248 1Heaut.
389 3199 412 3262 1,
434 3200 457 3261 1,
477 3199 527 3248 135
540 3203 608 3262 sqq.
678 3201 711 3250 31
730 3194 814 3250 Ennii
832 3194 930 3266 fragm.
950 3195 1021 3250 Anu.
1039 3200 1093 3250 454

162 3319 376 3330 -—--—-..-.-

235 3389 249 3436 1
269 3385 312 3438 ter
330 3390 451 3442 rentium
470 3389 508 3442 M
574 3396 590 3444 3
610 3391 770 3446 damtmam
789 3391 827 3444 M
893 3407 971 3446 suam
989 3391 1139 3445 Fabricius

163 3457 342 3510 ammonete
361 3457 399 3522 M
485 3459 601 3514 thaman
623 3477 761 3516 nomenen
781 3461 819 3515 M
907 3461 1066 3531 shyrcum
1085 3461 1124 3514 M

165 3529 198 3575 10
216 3523 453 3596 mtemperatauq3
475 3529 513 3582 M
566 3537 598 3585 11
618 3531 831 3600 uoluptatemg
887 3549 971 3602 quipe
990 3533 1027 3587 M
1080 3533 1171 3585 1411-

162 3591 236 3644 talos
256 3591 294 3644 M
365 3601 397 3649 15
414 3594 506 3666 haeg
578 3606 611 3655 16
630 3618 697 3656 ouus
717 3603 755 3656 M
823 3605 910 3657 insita
928 3603 967 3658 M
1022 3609 1055 3657 22
1074 3618 1171 3670 gamus

164 3676 296 3729 cupemus
316 3663 354 3716 M
423 3671 457 3720 26
481 3667 578 3723 etiam:
598 3673 627 3725 ot
646 3689 663 3738 ς
735 3679 769 3728 29
792 3673 912 3742 poedore
931 3674 968 3728 M
