2426 3934
345 134 527 190 EPISTULA
545 137 579 204 II,
601 143 624 203 1,
645 141 739 191 5—15.
993 137 1055 202 311

48 297 211 364 umssmodu’
237 319 279 362 an
302 296 353 362 ‘in
375 299 505 382 publica
524 298 693 364 commoda
714 303 871 381 peccem'.
940 299 961 364 5
984 299 1057 364 Ro-

49 389 164 452 mulus
196 391 235 452 et
264 386 388 452 Liber.
443 389 573 453 laudata
609 388 730 452 uirtute
762 386 909 453 Caesaris
947 389 1059 454 laudat

49 479 138 541 etiam
160 476 363 560 felicitatem,
393 478 449 560 qui
481 477 570 562 dicit,
600 476 674 543 huie
708 477 768 542 soli
801 477 991 562 contigisse,
1020 481 1058 542 ut

49 567 125 629 iuter
145 565 295 629 homines
326 565 424 630 etiam
455 587 541 631 nunc
572 567 679 650 posito
703 567 768 630 ism
792 566 895 631 diuini
917 566 1056 632 honores

49 656 268 736 decernantur,
301 655 387 738 quod
419 656 501 719 nulli
533 676 721 719 concessum
749 655 792 719 sit
814 655 944 739 horum,
976 671 1084 740 quos⁵

49 746 220 826 enumerat,
242 743 305 806 hoc
328 747 391 827 est,
419 741 557 808 Romulo
581 743 698 808 Libero
721 741 850 808 Castori
878 748 911 810 11
933 743 1057 809 Polluci

49 837 167 898 etcum
189 831 243 896 his
266 825 407 896 Herculi.
453 835 486 895 et
514 836 563 897 est
590 833 683 898 ordo:
715 831 873 898 Romulus
906 837 939 897 et
960 832 1058 898 Liber
1089 854 1091 858 ·

17 966 21 1008 ,
49 923 114 985 dum
135 925 241 985 terras
264 920 498 1005 hominumque
521 943 546 986 c.
570 943 671 1007 genus
695 943 723 987 a.
746 943 823 986 num
845 923 902 1005 illi,
926 923 964 988 de
988 923 1057 1008 qui-

17 1011 18 1044 f
49 1010 99 1072 bus
123 1030 224 1092 supra
251 1009 333 1073 dixit
365 1012 455 1092 post
486 1010 667 1096 ingentia
696 1011 800 1075 facta
832 1012 987 1077 deorum
1017 1012 1057 1076 in

17 1151 18 1154 ,
48 1099 183 1182 templa
215 1099 377 1182 recepti,
409 1103 494 1163 sunt.
563 1101 582 1164 8
617 1119 730 1184 agros
761 1099 973 1186 adsignant
994 1100 1097 1165 hoc1⁰

17 1221 18 1256 i
48 1191 101 1250 est:
142 1187 288 1252 colonias
325 1187 489 1252 deducunt
525 1188 729 1273 conduntque
767 1189 900 1252 urbibus
938 1190 1056 1254 milites

48 1298 121 1340 suos.
191 1277 211 1340 9
245 1277 458 1360 plorauere.
504 1279 577 1361 plus
609 1277 690 1341 dixit
713 1299 809 1361 quam
843 1276 1057 1342 ‘doluerunt'.

16 1395 18 1450 3
106 1366 148 1429 10
187 1365 309 1430 diram
346 1366 411 1450 qui
451 1367 630 1432 contudit
665 1365 843 1449 Hydram.
900 1365 1056 1431 Hercules

16 1455 18 1524 ζ
48 1454 168 1518 sufficet.
215 1457 249 1518 et
278 1454 360 1518 bene
392 1455 453 1520 hoc
478 1455 588 1541 elegit,
621 1455 706 1540 quod
729 1455 815 1518 inter
837 1454 964 1519 labores
988 1455 1055 1519 eius

16 1561 17 1624 3
48 1543 90 1606 uel
109 1544 288 1608 maximum
311 1543 382 1607 fuit.
453 1545 492 1609 11
524 1546 828 1629 notaportenta.
875 1565 955 1627 quae
980 1547 1096 1608 sunt1⁵

15 1629 17 1700 J
49 1632 76 1694 iu
95 1631 160 1696 XII
183 1631 333 1697 Herculis
356 1632 522 1697 laboribus
545 1633 718 1698 diffamata.
790 1633 829 1696 11
862 1631 978 1696 fatali
1001 1632 1055 1694 11-

15 1743 16 1754 *
48 1721 135 1786 bore.
183 1726 293 1786 utrum
317 1742 413 1804 quem
436 1721 476 1785 ed
504 1722 635 1786 modum
659 1721 856 1807 Uergilius
889 1721 970 1786 dixit
1005 1718 1057 1784 Ut

48 1809 151 1875 duros
184 1810 293 1875 mille
321 1810 475 1875 labores
504 1831 594 1895 rege
628 1811 694 1875 sub
718 1809 937 1894 Eurystheo
961 1810 1055 1874 fatis

48 1897 213 1981 lunonis,
245 1919 289 1962 un
316 1898 432 1963 fatali
459 1919 518 1984 pro
542 1899 671 1982 capitali
703 1920 740 1962 ac
768 1900 904 1964 molesto
927 1901 965 1962 ut
986 1898 1055 1983 ipse

47 1988 113 2052 alibi
159 1988 267 2053 Ilion
298 1987 436 2052 fatalis
460 1989 710 2074 incestusque
733 1987 858 2052 iudex.
929 1988 1096 2052 12111-20

47 2098 166 2157 premo
199 2076 279 2142 fine
313 2076 347 2141 id
379 2080 429 2140 est
460 2080 573 2141 morte.
611 2082 643 2141 et
666 2080 716 2141 est
739 2097 866 2142 seusus:
904 2079 1055 2160 expertus

47 2169 87 2228 111
107 2165 268 2230 inuidiam
290 2169 369 2229 tunc
391 2165 491 2249 finiri,
515 2187 586 2230 cum
610 2166 709 2230 etiam
731 2166 801 2230 uita
822 2164 943 2230 finitur.
1014 2165 1054 2230 13

47 2255 115 2318 urit
137 2255 240 2318 enim
262 2255 419 2339 fulgore
444 2277 519 2319 suo.
565 2255 724 2320 rationem
748 2255 893 2338 exponit,
924 2259 1056 2339 propter

47 2364 133 2424 quem
157 2344 266 2408 minus
291 2345 442 2408 coluntur
465 2344 541 2427 uiui,
565 2344 620 2429 qui
644 2345 763 2408 uirtute
788 2344 901 2409 ceteris
917 2345 1055 2408 antecel-

46 2431 116 2515 lunt,
138 2436 217 2516 post
240 2433 364 2497 obitum
388 2431 574 2516 diliguntur.
620 2433 728 2516 grauis
753 2436 803 2496 est
821 2433 917 2515 enim,
940 2433 1055 2516 inquit,
1069 2444 1096 2484 25

46 2519 245 2586 inferioribus
278 2525 310 2585 et
338 2521 425 2585 infra
447 2522 561 2605 positis
583 2524 692 2604 nocet,
723 2521 778 2604 qui
806 2521 929 2586 artibus
960 2521 1055 2584 bonis

46 2614 160 2674 ceteros
198 2611 313 2694 uincit;
352 2610 407 2675 sed
439 2611 614 2695 requiritur
645 2613 755 2674 tamen
787 2631 824 2674 ac
856 2609 1056 2674 desideratur

46 2699 207 2764 extinctus.
291 2699 331 2764 13
364 2699 444 2763 urit
473 2699 573 2764 enim
594 2699 756 2782 sulpure:
793 2698 962 2782 splendore
992 2719 1055 2782 quo

46 2785 148 2872 fulget,
174 2791 207 2851 et
230 2788 312 2852 bene
335 2789 414 2852 urit
438 2787 478 2852 ad
501 2789 661 2873 fulgorem
684 2788 803 2852 retulit.
873 2787 913 2852 15
942 2808 1054 2870 prae-

46 2877 155 2941 senti:
186 2876 325 2960 uiucnti,
355 2877 411 2942 sed
444 2877 642 2960 splendidius
664 2877 728 2942 hoe
751 2881 800 2942 est
823 2877 908 2962 quod
932 2877 1052 2962 glosse·
1067 2886 1093 2926 ⁸0

47 3033 254 3047 Ἣ

108 3106 347 3174 1111111111
421 3111 456 3159 20
477 3103 528 3160 ou.
547 3110 572 3173 a,
593 3111 618 3173 3,
639 3109 671 3159 rs

108 3301 249 3370 Μυίας
321 3305 510 3372 8genus2g1
530 3301 569 3354 M
625 3318 691 3355 narn
709 3299 753 3353 illi
771 3305 817 3355 ete.
837 3301 903 3356 baec
920 3300 985 3368 fort.
1000 3299 1056 3354 ulio

47 3371 86 3435 (cf.
103 3373 141 3428 ud
159 3389 186 3428 a.
207 3373 563 3444 sacramentumque
637 3378 669 3426 12
702 3373 1057 3440 1011111119111111111

47 3443 92 3497 seb.
110 3461 137 3497 a.
158 3448 176 3498 8
196 3443 236 3497 M
299 3449 331 3498 13
351 3444 444 3498 dream
463 3445 600 3512 qurscout.
620 3444 650 3496 hr
670 3443 709 3496 M
771 3449 803 3498 16
821 3443 912 3498 hbero
931 3443 970 3496 M
1024 3448 1056 3498 18

47 3516 168 3582 emysteo
188 3513 227 3568 M
297 3519 332 3568 20
349 3515 462 3568 leron
480 3519 506 3568 et
523 3517 700 3582 rucertusque
720 3515 758 3568 M
823 3513 973 3569 ernincia
994 3513 1056 3567 sed:

48 3587 162 3640 umcrtrs·
183 3585 228 3652 M,
256 3604 283 3641 u.
304 3585 413 3640 sedis?
488 3585 533 3640 '29
565 3585 704 3654 fulgorem
724 3601 784 3638 rem
804 3585 842 3638 M
924 3599 1056 3654 praesens

47 3657 152 3710 u1uendr
168 3657 207 3709 M
246 3662 281 3710 30
295 3655 371 3724 quod
385 3655 601 3725 glossematicon
614 3671 677 3709 scos:
696 3672 780 3724 quam
794 3656 1005 3726 glossematrcos
1021 3655 1059 3708 M
1153 3685 1155 3691 =
1197 3631 1198 3636 i
