2378 3934
146 75 212 139 214
496 72 619 130 SllllMO
639 76 660 141 1,
680 79 705 142 5,
723 79 821 128 4—25.

145 238 220 303 inde
243 238 363 304 fretum
386 235 560 302 Siciliense.
627 238 650 301 4
677 236 881 302 differtum
903 237 1033 302 nautis
1056 242 1086 301 et
1105 261 1132 302 re

144 327 242 411 liqua.
287 327 472 412 peruenisse
490 327 611 393 Forum
625 324 724 410 Appii
746 325 877 408 indicat,
895 327 952 390 ubi
964 326 1061 390 turba
1074 349 1144 392 esse

145 420 333 501 nautarum,
369 417 425 500 qui
460 416 495 480 in
525 415 709 500 Pomptinis
745 414 918 498 paludibus
950 416 1127 500 nauigaban

144 506 223 570 item
246 526 428 590 cauponum
450 505 496 569 ibi
518 504 723 570 morantium.
769 504 831 568 iter
844 507 955 568 autem
971 503 1053 568 illud
1066 526 1135 588 expe

119 594 316 659 editioribus
338 594 434 658 unius
458 593 522 658 diei
545 614 614 658 erse
637 593 728 677 dicit,
760 593 847 676 quod
869 593 939 678 ipse
962 593 1061 658 biduo
1084 615 1139 658 con

145 682 266 748 fecerit.
333 683 355 748 5
379 683 497 747 altius
521 733 528 747 .
552 682 817 767 ,praecinctis
849 681 883 746 id
907 685 957 746 est
980 682 1144 766 expeditio

145 777 179 837 et
201 772 328 856 agilius.
395 773 413 836 7
446 771 509 836 hic
539 792 609 856 ego
631 775 791 856 propter
814 792 950 855 aquam
973 775 1007 836 et
1030 772 1109 855 reliq
1132 800 1137 825 τ

144 861 305 943 hodieque
336 859 420 924 Foro
451 858 539 944 Appi
570 861 712 925 uiatores
746 863 880 944 propter
911 882 1044 944 aquam,
1080 882 1144 944 qua

143 949 189 1012 ibi
212 947 384 1014 deterrima
407 953 465 1032 est,
487 970 617 1014 manere
640 950 755 1013 nitent.
801 949 879 1013 dicit
901 970 979 1035 ergo
1003 949 1139 1014 Horatio

109 1054 135 1093 10
149 1059 183 1101 se
206 1037 253 1101 ibi
276 1058 391 1102 cenare
414 1038 570 1122 noluisse,
600 1059 639 1104 ue
660 1059 791 1103 necesse
818 1037 954 1103 haberet
976 1037 1096 1102 bibere.

150 1127 190 1190 12
227 1125 301 1191 huc
333 1128 486 1211 appelle
515 1130 713 1192 trecentos
745 1128 898 1192 inseris,
953 1127 1057 1192 uerba
1088 1148 1153 1191 sun

147 1218 267 1281 nautae
290 1217 475 1300 irascentis,
504 1216 589 1300 quod
612 1217 707 1300 plura
728 1216 807 1281 naui
829 1217 966 1300 inponat
988 1237 1089 1300 quam
1110 1237 1146 1298 p·-

146 1305 275 1390 pigerat
299 1304 345 1386 [id
368 1309 430 1369 est:
453 1310 567 1389 pactus
591 1304 720 1386 fuerat}
794 1305 835 1369 13
878 1304 963 1368 dum
1000 1327 1066 1369 aes
1102 1325 1141 1368 ex

146 1394 273 1479 igitur
305 1394 390 1458 dum
422 1395 523 1458 mula
551 1394 707 1479 ligatur.
766 1393 975 1458 menifestum
1005 1397 1071 1477 est,
1099 1394 1157 1458 illis

107 1498 133 1538 1⁵
146 1484 347 1566 temporibus
379 1505 438 1566 per
468 1483 603 1568 paludes
625 1482 818 1567 Pomptinas
847 1504 916 1547 non
944 1483 1047 1546 talem
1077 1483 1157 1546 uiam

144 1570 254 1655 fuisse,
276 1575 313 1634 ut
335 1571 493 1636 uehiculis
516 1572 573 1636 illa
595 1571 641 1636 ire
664 1574 812 1656 possent3
838 1572 948 1655 itaque
970 1593 1091 1636 nauem
1113 1592 1157 1635 so·

144 1659 221 1725 litos
251 1660 464 1724 conscendere
497 1660 655 1743 uiatores,
690 1682 789 1744 quam
819 1661 1000 1725 iumentum
1032 1658 1156 1744 aliquod

145 1747 284 1813 duceret.
353 1746 395 1813 15
432 1749 631 1814 absentem
667 1747 801 1814 cantat
841 1749 1002 1813 amicam
1042 1727 1173 1813 marial

144 1838 323 1922 prolutus
356 1861 481 1924 uappa
510 1842 630 1903 nauta
662 1841 776 1923 atque
808 1838 947 1903 uiator.
999 1838 1049 1902 sic
1071 1827 1174 1902 enini*

106 1928 232 1992 201eues
265 1950 303 1992 ac
332 1929 484 2014 uulgares
516 1929 665 1993 homines
697 1931 797 1994 noctu
827 1927 944 1992 solatia
972 1925 1175 2012 uigiliaruml

145 2037 297 2099 quaerere
321 2017 427 2082 solent
450 2019 577 2082 cantica
599 2017 757 2081 amatoria
782 2019 962 2081 cantantes.
1049 2017 1090 2080 18
1119 2035 1156 2078 ao

144 2105 284 2168 missae
316 2109 469 2188 pastum
498 2107 720 2171 retinacula
750 2106 875 2169 mulae
907 2108 1028 2170 nauta
1051 2105 1158 2190 piger

146 2214 236 2257 saxo
272 2194 425 2278 religat.
487 2198 701 2279 posteaquam
738 2193 973 2259 obdormierint
1007 2194 1159 2274 uiatores,

145 2280 223 2346 dicit
250 2285 386 2346 nautam
416 2283 537 2348 mulam
564 2284 757 2348 disiunctam
780 2287 910 2367 pastum
933 2282 1061 2346 misisse
1085 2282 1160 2346 naui

105 2386 131 2427 2⁵
145 2370 324 2435 retinaculo
354 2371 394 2435 ad
425 2393 537 2436 saxum
566 2373 677 2458 ligata.
759 2372 802 2437 24
844 2394 909 2436 ora
950 2392 1159 2454 manusque

144 2463 211 2525 tua
247 2459 410 2525 lauimus
447 2458 613 2526 Feronia
644 2461 807 2545 lympha.
880 2460 1092 2526 Tarracinam
1129 2481 1159 2522 se

146 2552 262 2634 quarta
292 2549 375 2614 hora
404 2548 536 2614 tandem
567 2554 754 2634 peruectum
776 2571 846 2614 esse
870 2549 956 2614 dicit.
1000 2548 1160 2633 hodieque

144 2644 254 2706 autem
276 2639 410 2724 paulum
433 2639 514 2702 citra
535 2639 743 2703 Tarracinam
765 2638 840 2704 fons
862 2636 1019 2703 Feroniae
1044 2642 1104 2704 est.

144 2729 189 2794 25
218 2728 326 2793 milia
354 2732 434 2792 tum
463 2728 597 2812 pransi
627 2728 703 2792 tria
726 2728 896 2812 repimus
929 2731 1044 2812 atque
1073 2729 1158 2793 sub-

103 2819 245 2882 aimus
268 2818 482 2902 inpositum
506 2817 608 2880 saxis
631 2817 709 2880 late
740 2816 997 2882 candentibus
1019 2815 1160 2880 Anxur.

146 2928 229 2991 quae
261 2927 348 2971 nuno
372 2906 548 2970 Tarracina
579 2905 709 2989 dicitur,
739 2905 818 2970 olim
840 2905 956 2970 Anxur
985 2903 1160 2970 dicebatur.

143 2996 230 3061 unde
253 2993 371 3060 Jouem
393 2995 559 3059 Anxurem
591 2993 754 3077 colebant,
791 2993 881 3059 cuius
905 2997 938 3058 et
960 2991 1158 3079 Uergilius

219 3259 317 3314 linde
337 3260 411 3327 adq
482 3267 499 3314 4
526 3260 666 3313 moratum
686 3258 734 3326 M,
763 3274 929 3327 cauponum.
961 3255 1003 3311 ibi
1019 3257 1159 3311 moratum

145 3331 192 3397 (sc.
210 3344 239 3380 se
257 3331 345 3396 esse)?
435 3337 451 3384 6
469 3333 605 3398 precincti
624 3329 662 3382 M
749 3335 766 3382 9
784 3327 929 3383 teterrima
947 3327 1098 3382 Fabricius

30 3449 32 3452 .
147 3403 180 3451 11
200 3397 291 3464 apelle
310 3399 349 3451 M
420 3405 452 3452 13
471 3401 537 3454 boec
554 3400 642 3453 deleue'
716 3405 748 3453 16
771 3398 908 3453 uehiculis
926 3415 989 3454 nos:
1016 3398 1160 3452 uehiculae

148 3465 192 3532 M,
211 3465 342 3518 uehicula
360 3486 378 3533 ς
448 3469 537 3538 poss&
555 3470 593 3522 M
665 3475 698 3524 18
717 3469 834 3524 duceret
850 3485 914 3524 uos:
942 3469 1094 3524 conducere
1116 3469 1159 3534 M,

146 3533 349 3600 conduceretg
421 3544 455 3590 20
473 3542 563 3592 noctis
578 3539 616 3592 M
686 3545 721 3594 24
739 3556 823 3594 misse
843 3540 882 3593 Μ
951 3543 985 3593 26
1004 3540 1159 3594 retinaculo

159 3616 209 3654 cs:
227 3602 384 3657 retinacula
403 3606 441 3657 M
509 3614 542 3660 31
562 3609 667 3677 olymm
687 3611 725 3662 Μ
795 3616 829 3664 32
849 3627 945 3664 anime
966 3610 1003 3664 M

804 3809 1175 3859 .--du-fr—
