2378 3934
258 151 380 209 sunno
399 155 434 224 11,
453 162 478 222 r,
499 161 585 211 131-
605 161 630 222 3,
649 163 691 213 25.
924 156 988 224 251

1 319 102 382 lienus.
142 337 283 400 nouus,
304 338 409 400 mora;
437 317 566 382 deinde:
598 318 729 385 incola
759 321 877 385 uenit.
923 343 989 387 non

1 409 58 470 aim
86 405 233 471 dominus
262 405 337 472 talis
361 409 419 472 est
463 407 500 472 in
522 408 755 492 superioribus:
793 408 888 486 Quid
925 414 989 476 tu?

1 495 131 561 nullane
161 494 282 561 habes
314 495 434 561 uitia?
479 495 597 562 Immo
631 497 708 562 alia
745 501 783 562 et
818 499 989 564 fortasse

1 584 130 649 ninora.
201 585 263 650 131
301 587 368 649 aut
399 583 502 649 uafri
533 585 695 651 inscitia
725 587 835 653 iuris.
871 588 988 654 uafri:

1 673 74 736 ntuli
95 673 183 738 iuris.
254 673 317 738 136
349 671 550 759 fortiaque
582 673 757 741 aduersis
781 699 855 760 pro:
888 676 1015 742 fortas⁵

1 766 77 826 stote
99 761 272 826 aduersum
295 761 446 827 fortunae
468 762 683 830 incommoda.

372 937 495 993 suano
514 945 540 1008 a,
559 945 584 993 a.

62 1044 123 1111 Sic
147 1069 237 1112 raro
270 1047 410 1112 scribis
438 1052 481 1114 ut
509 1052 594 1114 toto
617 1071 695 1115 non
718 1055 856 1135 quater
879 1071 989 1116 anno.

1 1133 91 1199 irhac
113 1135 292 1201 introducit
313 1134 549 1222 Damasippum
585 1138 813 1224 corripientem
849 1160 883 1204 se
906 1142 989 1204 tam·

1 1223 289 1309 quamdesidiosum.
335 1227 355 1291 3
378 1226 503 1292 iratus
527 1227 597 1292 tibi
619 1226 720 1312 qnod
741 1227 1029 1293 uini=s0mni·1o

1 1326 48 1396 pre
68 1313 274 1400 benignus.
319 1315 389 1400 ipse
413 1316 475 1381 sibi
497 1317 613 1398 iratus,
649 1315 736 1401 quod
758 1315 836 1381 uino
860 1311 997 1382 somno-'

1 1402 232 1489 rreindulgeat.
300 1404 319 1468 7
358 1406 565 1489 culpantur
592 1404 684 1471 frus.
711 1404 875 1470 frustra:
913 1405 990 1489 quia

1 1511 42 1554 nn
60 1496 255 1558 mereantur.
324 1494 344 1558 8
379 1493 494 1558 iratis
522 1496 637 1558 natus
660 1494 800 1577 parics.
844 1494 988 1559 incerare

1 1581 108 1662 parietes
124 1581 214 1647 soliti
228 1585 321 1647 erant
335 1586 450 1667 poetae
469 1586 503 1647 et
519 1582 566 1648 ibi
584 1583 733 1667 scribere,
752 1583 779 1648 si
796 1583 873 1669 quid
888 1585 989 1648 noctu

1 1670 171 1736 umentem
194 1671 343 1745 uenisset.
410 1671 450 1736 13
473 1671 661 1738 inuidiam
685 1673 841 1756 placare
864 1694 988 1756 paras.
1004 1691 1028 1734 u

1 1757 97 1844 rusus:
131 1759 160 1825 si
192 1759 348 1828 uirtutem
375 1760 542 1844 reliqueris
565 1764 699 1845 propter
720 1761 887 1846 inuidiam,
909 1762 987 1826 inci-

1 1847 45 1928 pies
63 1849 238 1915 contemni.
282 1871 360 1914 nam
382 1849 428 1914 ita
451 1852 501 1914 est
522 1853 640 1915 natura
662 1849 846 1934 hominum,
873 1855 910 1914 ut
932 1873 989 1934 po·

2 1938 166 2004 ‘lentioribus
181 1937 350 2003 innideant
363 1937 552 2005 humiliores
566 1942 730 2022 spernant.
792 1940 832 2004 17
856 1960 989 2003 uerum

2 2025 30 2087 nb
47 2027 252 2094 consilium
275 2027 421 2092 donent
443 2031 634 2094 tonsores.
669 2028 796 2092 iocatur
818 2027 854 2092 in
871 2027 987 2092 barba-

2 2084 52 2179 lm.
119 2117 161 2182 18
185 2120 392 2201 postquam
416 2117 540 2183 omnis
563 2138 625 2182 res
648 2138 730 2182 msa
751 2115 894 2181 Ianum.
924 2115 1030 2181 hocao

2 2201 47 2267 leo
77 2206 154 2290 quia
187 2227 300 2271 omnes
333 2205 374 2269 ad
404 2204 520 2270 Ianum
548 2207 582 2271 in
606 2205 741 2271 basilica
763 2205 989 2271 consistebant

34 2298 180 2361 oratores.
249 2295 290 2360 19
324 2293 370 2358 ad
401 2293 566 2361 medium
596 2293 723 2360 fracta
746 2297 813 2359 cst.
858 2293 989 2359 fracta

16 2387 47 2445 st:
67 2384 194 2448 minuta
217 2385 276 2448 est.
334 2383 376 2448 21
401 2405 474 2469 quo
498 2382 608 2448 uafer
630 2383 708 2448 ille.
754 2382 876 2448 uafer:
900 2387 988 2449 astu-

24 2491 39 2532 s.
98 2473 141 2537 21
171 2472 338 2537 lenisset
364 2471 557 2557 Sisyphus
586 2493 683 2537 aero.
726 2493 785 2557 per
806 2471 869 2537 hoc
892 2474 987 2556 sepni-

9 2556 48 2622 ‘nt
67 2557 309 2627 Corinthiorum
332 2583 486 2626 nasomm
509 2582 543 2626 se
565 2564 744 2626 amatorem
765 2561 876 2626 fuisse.
944 2561 987 2626 25
1002 2578 1029 2620 2⁵

17 2648 72 2713 nde
102 2649 326 2735 frequentia
362 2649 595 2715 Mercuriale
631 2650 843 2735 inposuere
884 2648 987 2713 mihi.

15 2733 199 2805 lercurialem
223 2740 316 2824 qnasi
338 2740 511 2820 lucrosum,
534 2739 611 2823 quia
625 2736 738 2804 (lontio
752 2738 988 2824 appellabatur.
1097 2797 1100 2800 .

16 2847 84 2891 nnes
117 2829 202 2892 enim
235 2829 397 2894 coctiones
426 2828 516 2893 lucro
550 2826 691 2893 student.
744 2827 823 2891 item
846 2826 988 2911 compita

30 2964 184 2972 ——-——--—

49 3027 158 3076 asam.
179 3029 204 3091 1,
224 3027 249 3091 3,
270 3027 302 3076 19

6 3175 7 3180 '
50 3189 62 3235 1
87 3199 166 3237 mora
192 3181 229 3248 cf.
253 3179 395 3237 Diomedis
413 3199 439 3235 a.
457 3197 545 3250 pram.
560 3196 591 3248 p.
611 3183 675 3245 438,
703 3183 738 3235 13
756 3179 823 3234 Kal
877 3177 989 3234 zerim

6 3249 87 3320 acida
103 3255 160 3308 aiei
177 3253 250 3321 sorte
267 3268 328 3306 cum
347 3271 365 3321 ς
382 3253 631 3322 iaterpuapeadam
649 3255 701 3304 est:
719 3250 808 3317 uenit,
826 3265 882 3304 non
901 3247 989 3302 domi-

7 3335 42 3378 m,
71 3325 136 3380 talis
154 3327 199 3380 cst
217 3325 266 3393 (sc.
285 3327 390 3392 sensus)
409 3323 440 3378 in
460 3366 492 3378 ..
556 3327 572 3376 8
595 3326 661 3390 poet
684 3321 742 3376 alia
763 3321 867 3389 Porph.
885 3334 990 3374 moram

7 3395 47 3446 ali
61 3398 168 3451 aidaar
185 3396 314 3450 notuisse
367 3393 477 3448 Μαίη
500 3391 595 3448 ms'rtna
614 3393 653 3464 M
712 3392 779 3448 fain
806 3391 894 3446 astnt1
920 3407 990 3445 runs

7 3465 231 3524 *laesam
284 3465 481 3522 sscnbesM
533 3464 776 3534 ohaceclogag
831 3461 993 3517 10n1s1M

8 3539 109 3592 uuam
144 3543 177 3594 1⁵
195 3537 308 3608 plaeere
328 3537 366 3590 M
414 3542 448 3590 22
466 3535 590 3590 medrum
607 3534 684 3590 facta
704 3535 742 3588 M
789 3538 825 3590 24*
842 3532 990 3602 sysyphus.

10 3617 58 3662 terea
75 3611 112 3664 M
163 3615 198 3666 25
218 3623 346 3663 uasorem
366 3609 404 3662 Μ
465 3613 500 3661 26
518 3605 694 3661 morcuRrale
711 3605 724 3658 1
740 3620 829 3674 supra
846 3623 863 3657 a
881 3619 932 3657 scr.
952 3603 992 3656 Μ

52 3687 79 3736 27
97 3683 184 3751 cotio,
203 3679 343 3750 csuprat
360 3695 427 3746 scr„
445 3683 470 3732 et
488 3677 612 3732 conones
633 3676 671 3730 Μ
696 3733 703 3744 .
