2426 3934
184 75 248 140 346
498 76 567 130 aas
586 73 745 132 Ponrlcn
763 82 878 141 29-‚4a

183 240 303 306 diserta
325 239 531 324 profitentem
555 234 716 322 κακόζηλα
740 239 860 304 uitiant
883 241 990 322 spreta
1012 259 1115 303 rerum
1133 239 1170 303 in-

182 329 355 414 spectione.
415 328 457 392 29
476 328 540 412 qui
558 329 711 392 uariare
730 329 839 413 cupit
861 349 939 392 rem
960 327 1172 412 prodigiali·

152 446 154 452 ·
182 422 241 482 ter
267 439 389 482 unam.
439 417 526 481 aliud
553 418 615 484 hoc
642 422 852 503 praeceptum
879 420 942 501 est,
963 439 1034 482 non
1056 439 1121 482 esse
1138 419 1173 480 f-

182 506 267 571 bulis
293 506 528 592 indulgendum
554 527 613 571 nec
643 507 882 572 extenuandam
913 528 1017 590 usque
1049 506 1084 572 in
1112 506 1175 569 uitia

157 595 361 660 materiam.
451 596 495 660 32
531 595 743 678 Aemilium
778 595 880 660 circa
920 595 1052 660 ludum
1087 595 1176 658 faber

181 685 288 750 imus.
340 685 470 749 Aemilii
498 684 611 769 Lepidi
639 685 732 750 ludus
760 685 973 770 gladiatorius
1006 683 1084 767 fuit,
1110 685 1176 766 quod

181 796 269 840 nnnc
291 773 447 857 Polycleti
471 774 635 838 balineum
658 777 715 838 est.
750 773 804 838 bic
821 774 1025 838 demonstrat
1039 771 1176 837 aerarium

181 863 281 930 fuisse
296 862 432 945 fabrum,
454 862 569 927 imum
591 862 654 927 hoc
668 867 731 928 est:
754 863 790 928 in
804 862 925 948 angulo
945 863 1014 927 ludi
1028 860 1176 926 tabernam

181 953 367 1034 habentem3
435 951 477 1016 38
510 951 572 1016 hoc
604 955 714 1016 autem
744 955 918 1036 praecepto
952 950 1093 1016 sumite
1118 973 1175 1013 na·

143 1041 320 1106 roteriam
351 1041 494 1104 uestris
528 1041 591 1124 qui
628 1041 805 1106 scribitis
842 1062 1005 1124 aequam
1042 1040 1176 1124 praecipit

181 1151 270 1195 nunc
293 1130 351 1212 eis,
380 1130 435 1214 qui
458 1133 534 1195 sunt
556 1133 684 1214 poetae,
713 1132 751 1194 ut
774 1152 846 1194 eam
868 1131 1042 1194 materiam
1066 1129 1175 1214 eligant,

181 1219 217 1283 in
244 1240 308 1304 qna
337 1219 464 1303 possint
490 1220 625 1303 placere.
715 1219 760 1284 40
792 1220 852 1284 cui
883 1220 988 1284 lecta
1015 1221 1176 1304 potenter

182 1309 256 1373 erit
284 1329 344 1372 res
367 1308 400 1372 id
423 1311 485 1372 est:
510 1308 565 1392 qui
587 1309 703 1395 legerit
725 1308 759 1372 id
783 1310 870 1393 quod
893 1311 1060 1394 praestare
1083 1307 1174 1392 possit.

181 1400 363 1483 potenter
385 1397 538 1483 figurarit
556 1391 630 1474 ὡςεὶ
645 1397 805 1474 δυνατῶς.
864 1399 908 1462 42
932 1397 1081 1462 ordinis
1103 1396 1175 1460 haec

143 1509 168 1551 ια
182 1487 309 1552 uirtus
342 1487 416 1551 erit
447 1490 485 1550 et
516 1508 637 1552 uenus
670 1490 737 1552 aut
768 1507 839 1574 ego
871 1486 1000 1552 fallor.
1056 1485 1176 1569 loquitur

182 1598 269 1640 nunc
291 1571 446 1660 περὶτῆς
468 1578 489 1654 †
511 1574 604 1654 αξιας
631 1599 695 1661 quo
718 1576 831 1641 ordine
855 1576 1018 1640 seruanda
1042 1597 1061 1639 a
1082 1573 1174 1658 poetis.

182 1686 333 1730 uenerem
356 1668 464 1728 autem
487 1665 634 1730 decorem
658 1665 808 1730 carminis
833 1665 1005 1751 significat.
1075 1664 1111 1726 47
1131 1661 1174 1723 di-

181 1754 282 1819 xeris
306 1752 461 1839 egregie
486 1758 619 1818 notu'm
642 1755 674 1820 si
697 1754 841 1819 callida
863 1755 1032 1820 uerbum.
1065 1750 1173 1834 exponit

182 1864 270 1908 nunc
292 1842 331 1906 de
354 1842 461 1907 uerbis
485 1843 647 1908 ueteribus
670 1865 708 1908 ae
731 1843 836 1928 nouis,
861 1866 925 1929 quo
948 1843 1047 1908 modo
1070 1840 1174 1926 poetica

143 1953 169 1994 ro
184 1933 258 1997 sint.
307 1954 385 1996 nam
411 1932 486 1996 licet
513 1933 621 2016 aliqua
648 1932 797 2018 uulgaria
824 1928 904 2016 sint,¹
934 1932 980 1996 ait
1007 1936 1111 1996 tamen
1130 1928 1173 1991 ille

183 2043 255 2086 cum
283 2022 392 2106 aliqua
423 2021 645 2106 conpositione
679 2022 932 2106 splendescere·
965 2021 1059 2086 uerbi
1088 2017 1172 2104 gratia

184 2109 348 2177 ‘curculio'
373 2111 502 2176 sordida
525 2133 589 2175 uox
607 2113 664 2194 est,
688 2114 805 2176 ornatu
830 2110 1000 2176 accedente
1015 2107 1171 2194 uulgaritas

183 2201 250 2263 eius
282 2200 490 2266 absconditur
511 2200 574 2265 hoc
597 2201 693 2265 modo
721 2199 965 2285 Populatque
997 2199 1171 2286 ingentem

182 2287 299 2354 farris
323 2311 508 2355 aceruum.
555 2290 708 2370 [curcidio
732 2289 819 2374 apud
841 2289 1022 2354 Homerum
1049 2290 1106 2369 est,
1130 2282 1170 2366 qui

142 2376 291 2442 rsiabam
314 2378 636 2460 libenteruescitur]
704 2378 747 2444 48
772 2378 805 2442 si
827 2379 929 2443 forte
952 2397 1105 2442 necesse
1125 2374 1170 2434 est

183 2467 340 2532 indiciis
377 2471 592 2533 monstrare
628 2467 860 2533 recentibus.
919 2468 1006 2553 quod
1044 2465 1070 2532 si
1102 2463 1170 2540 item,

183 2557 301 2642 inquit,
333 2557 374 2621 ad
403 2579 471 2621 rem
503 2557 640 2641 aliquam
675 2556 897 2641 explicandam
928 2556 1030 2622 uerba
1060 2551 1169 2634 antiqua

183 2667 250 2711 non
273 2646 465 2730 suffecerint,
487 2647 686 2731 permittitur
713 2650 828 2730 poetae
851 2669 939 2712 noua
960 2646 1088 2732 fingere.
1127 2640 1168 2702 in·

170 2837 174 2845 '
254 2845 288 2894 23
307 2839 390 2910 Uerg.
410 2839 510 2910 Georg.
530 2847 554 2909 1,
574 2845 625 2894 185

182 2959 395 2969 --—-·-——...

255 3017 428 3072 lKaKozrto
446 3019 543 3073 nitran.
564 3019 603 3071 M
668 3025 808 3073 2uar1ar1
828 3018 865 3072 M
935 3018 1048 3072 bfaner
1066 3014 1099 3070 M
1155 3012 1166 3058 5

182 3088 287 3158 laeprdr
307 3088 345 3142 M
450 3095 466 3143 9
481 3094 545 3158 post
562 3091 712 3160 praecepto
735 3094 805 3145 recte
823 3090 919 3159 Pauly
936 3089 1046 3145 αιάααα
1062 3089 1166 3143 locam

181 3160 309 3215 statuisse
383 3161 546 3230 10scr1pt1s
565 3161 604 3214 M
679 3168 711 3216 13
730 3163 889 3232 praestrare
910 3161 948 3215 Μ
1021 3167 1054 3215 11
1070 3158 1104 3213 sic
1118 3166 1164 3206 not-¹

183 3225 222 3294 oie
240 3227 270 3286 sl
285 3226 405 3292 δυνατός
425 3249 443 3300 ς
516 3239 548 3286 16
567 3233 617 3300 τῆς
636 3227 768 3298 εὐταξίας
786 3250 812 3301 ς,
830 3233 871 3288 sic
888 3231 923 3287 de
943 3231 1037 3288 ordine
1055 3220 1164 3286 seruaud⁰

183 3302 356 3356 scribendum
378 3303 498 3356 uidetur.
534 3305 580 3358 scd
602 3297 671 3370 ἀξία
695 3305 759 3372 fort.
796 3305 935 3374 significat
956 3303 1099 3374 dignitates
1118 3309 1162 3348 ner-

182 3371 281 3424 bornm
295 3373 324 3425 et
337 3387 439 3440 rernm,
457 3390 575 3441 quarum
593 3375 635 3428 ita
653 3376 726 3429 ratio
744 3375 871 3430 babendo
889 3380 940 3442 est,
958 3381 990 3428 ot
1006 3390 1054 3428 suo
1071 3377 1163 3442 quaeque

182 3440 239 3493 loco
252 3445 398 3507 poscantur
466 3449 500 3496 24
518 3444 594 3513 apud
611 3461 645 3498 ccc
663 3447 733 3514 aput
750 3460 819 3500 corr.
840 3445 878 3499 M
938 3447 982 3500 est
999 3447 1060 3514 (κίς)
1079 3437 1166 3504 Ρααῖαῐ

182 3509 247 3586 boec
264 3510 352 3563 dcleui
442 3517 475 3566 26
494 3512 741 3570 formarecentrbus
762 3517 801 3570 M
886 3516 955 3570 item
973 3533 1035 3570 taos:
1051 3515 1116 3570 idem
1131 3503 1164 3566 M,

182 3591 239 3628 ram
259 3596 276 3643 ς
352 3585 384 3632 27
405 3581 521 3647 utquam
539 3583 571 3636 in
589 3584 711 3652 adquam
730 3603 798 3641 corr.
820 3587 858 3640 M
931 3593 965 3642 28
985 3581 1124 3641 sufficerat
1139 3573 1166 3628 Μ
