2416 3934
211 91 252 156 76
627 84 700 142 oon
721 85 769 154 (Π,
790 91 813 140 1.
856 171 858 176 ,

209 257 242 319 et
268 251 427 318 maximos
454 250 556 315 isdem
584 248 824 316 conditionibus
848 249 935 312 uitae
959 247 1112 314 subiectos
1133 270 1181 311 ess

298 341 318 406 9
349 343 409 405 est
439 342 483 404 ut
513 339 600 404 uiro
632 337 693 402 uir
724 336 845 404 latius
877 335 1030 401 ordinet
1060 337 1175 400 arbust

206 431 329 496 sulcis
358 432 391 494 et
417 429 550 512 reliqua.
608 449 666 511 per
692 425 774 491 haec
801 425 943 492 ostendit
965 425 1070 490 studia
1090 426 1169 508 quide

210 524 242 585 et
270 519 389 605 gradus
416 517 578 583 honorum
606 519 638 580 et
665 537 771 582 mores
796 516 924 582 diuersa
946 535 1016 580 esse
1037 514 1181 579 hominibr

183 608 431 674 ⁵oonditionem
452 609 563 672 tamen
585 604 794 670 mortalitatis
816 626 917 669 unam
939 625 1017 670 esse.
1096 603 1132 666 10
1148 603 1178 666 hi

212 694 287 784 [in]
320 695 547 782 generosior
576 694 786 759 descendat
815 694 855 758 in
882 715 907 758 c.
935 716 965 777 p.
1017 690 1181 756 candidatu

211 786 461 872 magistratuum
470 783 684 868 petendorum
694 781 864 868 signifieat.
903 783 945 846 14
959 802 1079 865 aequa
1091 781 1162 864 lege
1177 808 1181 837 ι

210 875 439 940 necessitas:
468 873 695 938 necessitatem
721 874 860 936 mortem
883 870 972 955 dixit,
996 870 1072 954 qnia
1092 889 1180 932 neces*

212 965 255 1028 sit
277 963 369 1027 mori.
452 963 493 1026 16
518 983 628 1027 omne
652 982 772 1045 capax
801 961 929 1034 mouet
955 980 1055 1023 urna
1079 977 1180 1022 nomer

171 1069 197 1107 1⁰
210 1053 290 1117 haee
323 1051 498 1116 secundum
529 1051 714 1135 opinionem
743 1049 833 1114 illam
865 1048 1036 1134 uulgarem
1067 1045 1176 1110 dicumu

211 1163 275 1226 qua
298 1139 486 1205 adfirmatur
509 1143 595 1205 sorte
619 1139 733 1203 ductos
756 1137 797 1202 ad
815 1139 954 1202 mortem
973 1136 1015 1200 ab
1030 1134 1109 1200 Oreo
1125 1133 1179 1196 trah

280 1231 320 1294 17
345 1227 558 1294 destrictus
582 1228 685 1292 ensis
710 1248 734 1291 c.
759 1249 782 1291 e.
804 1227 826 1291 i.
849 1248 874 1291 o.
897 1249 928 1310 p.
964 1247 1024 1310 per
1038 1223 1171 1309 allegoria

212 1317 373 1403 significat
400 1317 564 1382 neminem
590 1316 729 1380 libenter
757 1337 853 1399 posse
875 1314 987 1379 uiuere
1011 1313 1066 1398 qui
1087 1315 1174 1376 metra

213 1411 245 1472 et
268 1406 407 1491 sumpsit
428 1407 464 1470 in
488 1407 669 1491 exemplum
688 1404 886 1488 Damoclem,
911 1425 1009 1488 super
1032 1423 1120 1488 quem
1138 1399 1181 1464 Di

172 1509 198 1549 15
212 1496 327 1580 nysius
351 1493 479 1560 Siciliae
501 1498 662 1577 tyrannus
687 1497 756 1558 seta
779 1493 924 1578 gladium
948 1489 1112 1578 suspendit
1131 1492 1181 1552 ant

212 1585 327 1668 positis
356 1583 460 1668 epulis
491 1605 588 1667 quam
619 1581 825 1666 amplissimis
855 1585 888 1646 et
918 1583 1048 1664 ceteris,
1074 1599 1179 1664 quaes

212 1673 415 1756 uoluptatem
438 1672 563 1736 animos
587 1693 723 1736 auocare
744 1670 886 1756 possint,
908 1692 967 1755 per
985 1691 1068 1756 quae
1085 1665 1176 1732 ostend

213 1761 361 1826 similiter
387 1761 512 1846 regiam
538 1760 641 1825 uitam
674 1759 845 1846 splendore
877 1781 985 1824 rerum
1018 1775 1175 1824 snarumu

213 1871 281 1914 non
304 1871 409 1934 posse,
433 1849 508 1934 quia
532 1870 658 1934 semper
679 1849 870 1914 insidiarum
894 1851 984 1913 metu
1008 1841 1145 1930 suspecta
1161 1841 1178 1903 si

173 1953 199 1992 20
280 1939 324 2004 20
342 1961 420 2004 non
439 1939 567 2003 auium
586 1938 835 2022 citharasque
854 1939 994 2002 cantus
1014 1953 1165 2001 somnum

212 2028 274 2093 hoc
296 2028 369 2094 ideo
394 2027 483 2112 dixit,
507 2026 658 2113 quoniam
683 2026 814 2112 quidam
836 2045 951 2112 regum
967 2023 1138 2090 Siculorum
1155 2042 1181 2101 p=

212 2116 331 2180 nimias
358 2116 490 2180 delicias
518 2117 560 2180 ad
582 2115 724 2180 citharas
748 2119 781 2180 et
804 2116 913 2181 auium
937 2119 1069 2180 cantum
1091 2107 1181 2175 dorni

212 2205 301 2268 bant.
369 2205 411 2267 21
437 2226 590 2268 somnos
614 2205 826 2290 agrestium
848 2206 868 2269 l.
891 2228 922 2268 n.
940 2203 972 2268 h.
990 2203 1023 2268 h.
1042 2203 1063 2267 f.
1082 2200 1108 2264 d.
1139 2193 1180 2260 ord

214 2295 275 2356 est:
303 2313 371 2355 non
398 2292 526 2356 fastidit
552 2293 689 2358 humiles
717 2295 844 2377 domos3
875 2297 908 2358 et
930 2293 1003 2358 ideo
1028 2289 1109 2378 apud
1130 2286 1179 2350 ‘uu

173 2392 199 2433 2⁵
213 2379 406 2464 particulam
431 2380 764 2467 subdistinguendum.
833 2383 875 2446 27
904 2404 973 2448 neo
997 2399 1127 2447 saeuus
1146 2373 1181 2437 A*

213 2469 314 2533 cturi
337 2469 514 2534 cadentis
537 2470 703 2554 impetus
732 2475 798 2537 aut
826 2471 991 2536 orientis
1018 2465 1140 2536 Haedi.

213 2557 377 2624 contrario
401 2562 459 2643 est,
482 2559 682 2643 antitheton,
706 2561 835 2626 cadenti
853 2561 941 2626 enim
955 2561 1108 2626 orientem
1121 2573 1181 2636 opp

213 2648 286 2713 suit.
322 2647 473 2712 uidelicet
496 2652 604 2713 autem
618 2647 794 2715 Arcturum
818 2672 935 2716 occasu
958 2651 1009 2714 sni
1028 2646 1126 2733 magis
1137 2646 1177 2704 ten

212 2740 356 2822 pestates
380 2737 551 2805 concitare.
619 2737 762 2805 aenon
785 2739 1014 2805 uerberatae
1038 2730 1178 2826 grandin

172 2827 349 2890 3⁰uineae
372 2825 592 2911 fundusque
616 2828 785 2893 mendax.
829 2849 889 2912 per
916 2847 1051 2912 zeugma
1072 2847 1107 2890 ex
1127 2839 1181 2899 sup

211 2915 296 2977 riore
334 2917 367 2978 et
403 2914 456 2979 hio
493 2915 715 3000 accipiendum
752 2919 802 2981 est
839 2915 1048 2982 ‘sollicitant'.
1101 2905 1180 2974 fundu

285 3097 303 3142 1,
318 3088 428 3144 hisdem
443 3091 481 3144 M
533 3094 624 3145 urtam
639 3092 677 3146 M
730 3091 889 3147 6d1scend.
907 3111 939 3147 1n
953 3093 993 3148 M
1044 3081 1178 3152 tmagfflle

210 3162 272 3214 turn
291 3160 331 3214 M
388 3163 553 3216 emouetur
572 3162 611 3215 M
668 3168 699 3216 11
720 3179 788 3232 qura
806 3163 845 3217 M
902 3163 1003 3220 ductus
1023 3162 1060 3216 M
1073 3159 1130 3227 fort·
1145 3161 1181 3204 rec

283 3237 318 3285 14
336 3231 481 3300 dyonisius
500 3233 539 3286 M
601 3236 634 3286 15
654 3235 734 3289 saeta
751 3233 848 3305 gladio
867 3236 907 3289 M
973 3241 1006 3290 16
1026 3229 1125 3302 aepuh⁸
1141 3219 1169 3275 M

214 3307 256 3383 17Ι
266 3302 442 3370 aduocareg
533 3309 567 3358 20
586 3303 693 3358 auium:
713 3322 813 3359 aurum
832 3307 872 3360 M
965 3324 996 3374 q;
1015 3305 1106 3360 cantus
1122 3339 1127 3351 .
1145 3293 1178 3345 a?

211 3388 308 3426 aurum
325 3373 439 3426 cantum
457 3373 490 3426 ia
505 3373 543 3427 M
557 3375 590 3428 ta
607 3377 731 3444 margine
749 3393 768 3430 a
784 3392 872 3431 mara
889 3378 1007 3446 aaaron
1024 3374 1120 3444 scripta
1134 3363 1179 3418 aaut

211 3435 1179 3516 tolerarat:..durlqffiqurdlregirsrcln'rpnrmlduutlala

211 3511 302 3565 orthar
318 3519 321 3577 Ι
338 3513 427 3567 &auru
443 3514 448 3580 Ι
465 3515 568 3582 cantu!
647 3521 680 3570 25
699 3519 895 3586 partrculatrm
914 3519 953 3572 M
1026 3523 1058 3571 26
1076 3507 1154 3568 orient
1169 3513 1178 3552 i

283 3589 317 3636 27
337 3585 389 3652 est,
407 3582 438 3637 id
457 3586 500 3637 est
519 3584 614 3655 Pauly
686 3593 719 3642 28
739 3604 827 3656 ευος
907 3596 941 3644 31
962 3572 1176 3645 s011101tuntel
