2416 3934
426 99 499 156 ODE
518 101 551 168 Π,
573 107 613 157 19.
992 99 1033 166 73

63 270 105 332 fus
122 267 169 330 est
186 285 267 330 nunc
287 286 357 330 non
381 263 543 350 significet
566 261 673 348 ‘lieet',
697 263 752 328 sed
776 262 940 348 ‘possibile
959 263 1034 352 est'3

61 357 115 420 uult
139 354 210 418 enim
238 353 378 438 probare
406 373 439 416 se
467 352 541 437 deo,
572 371 640 417 non
667 353 837 438 indignum
865 375 934 419 esse
964 378 1034 440 my-

61 444 142 509 steriis
159 444 227 526 eius,
248 464 323 508 oum
346 441 487 508 sufficiat
505 441 675 506 cantandis
693 440 754 523 his,
777 463 859 527 quse
883 443 923 508 ad
943 466 1035 511 sucre

59 535 112 597 ciue
139 531 316 615 pertincant
410 531 459 596 12.
489 530 631 596 iterare
668 530 795 596 melle:
833 551 872 597 ex
906 532 1035 620 integro

58 626 160 686 suntme
180 641 213 684 oc
234 622 389 705 repetere.
467 619 509 683 13
532 618 591 684 fes
614 621 673 683 est
695 619 831 684 beatae
855 621 1062 708 coniugiso

57 709 195 774 additum
216 709 351 774 stellis.
387 707 548 774 Ariadnes
568 729 721 773 eoronam
744 707 914 792 significat,
938 733 1034 795 quem

56 799 131 864 liber
148 801 231 882 peter
257 798 343 862 inter
366 797 472 862 sideru
494 796 684 862 conlocauit.
754 797 796 860 14
818 797 975 864 Penthei
996 851 1003 864 .
1027 853 1035 866 .

55 887 186 950 Pentheus
206 885 352 954 uinctum
374 887 559 969 recluserat,
582 885 637 970 qui
660 885 702 949 ob
724 883 811 950 hanc
830 907 960 952 causum
973 887 1036 954 ful·

54 976 211 1040 mineictus
234 978 292 1040 est.
384 975 426 1040 16
450 974 610 1040 exitium
632 973 811 1058 Lycurgi.
872 975 926 1040 hic
949 979 1035 1061 quod

55 1066 121 1128 uites
140 1063 308 1148 excidisset,
330 1061 439 1128 furore
464 1062 613 1129 eLibero
636 1063 754 1128 iniecto
770 1084 863 1127 orme
877 1063 938 1128 sibi
952 1066 1035 1133 felce
1049 1092 1075 1132 10

53 1153 210 1236 amputauit.
273 1153 320 1216 *17
344 1156 386 1217 tu
407 1152 542 1216 flectis
566 1173 704 1216 amnes.
749 1151 881 1216 flectis
905 1175 964 1237 pro
988 1177 1035 1240 eo,

54 1241 119 1326 quod
130 1245 174 1306 est
190 1240 335 1324 ‘domes',
348 1241 491 1326 positum
505 1244 563 1327 est,
577 1244 744 1325 tamquam
759 1239 910 1305 decursus
925 1263 1035 1309 eorum

52 1331 162 1396 lechnet
182 1353 244 1415 quo
268 1331 361 1414 uelit3
383 1352 426 1393 en
450 1331 526 1415 quie
548 1330 666 1396 multas
695 1332 798 1394 terres
823 1329 963 1415 subegit,
994 1355 1036 1398 en

52 1442 109 1486 uero
135 1420 204 1504 quie
232 1419 360 1484 muneri
390 1419 459 1483 eius
489 1418 701 1484 immiscentur
729 1420 762 1481 et
789 1417 830 1482 ed
853 1419 1036 1485 suauiorem

52 1509 319 1574 usumfleetuutur.
410 1507 451 1572 17
482 1511 524 1571 tu
549 1529 652 1572 mere
679 1506 894 1572 barbarum.
948 1509 1075 1574 ber-15

52 1597 154 1662 barum
179 1620 239 1682 pro
269 1617 366 1662 saeuo
391 1617 429 1660 cc
451 1596 594 1661 uiolento
618 1599 751 1681 propter
773 1593 932 1661 subiectos
955 1600 1035 1663 tem-

51 1689 162 1767 pestates
185 1686 273 1751 dixit
309 1683 435 1750 ‘flectis'
459 1688 567 1749 eutem
591 1706 629 1749 ex
652 1683 814 1768 superiore
837 1684 891 1750 hic
910 1708 1037 1772 quoque

52 1775 223 1840 audiendum.
316 1775 357 1840 18
384 1777 426 1839 tu
454 1773 648 1858 separatis
680 1772 817 1837 uuidus
849 1774 888 1838 in
920 1775 1036 1862 iugis.

51 1865 228 1946 separetis:
253 1863 383 1928 secretis
407 1885 444 1926 ac
467 1863 600 1927 remotis
623 1884 710 1926 nunc
733 1861 902 1947 significet.
995 1866 1035 1932 18

49 1953 159 2018 uuidus
181 1953 223 2016 in
245 1952 362 2038 iugis:
384 1951 533 2016 medidus
557 1951 679 2016 scilicet
700 1954 833 2036 propter
855 1951 977 2017 uinum.
1049 1979 1077 2018 eo

51 2041 77 2102 19
105 2041 199 2107 nodo
238 2040 419 2107 coherces
455 2039 634 2124 uiperino
668 2038 915 2105 Bistonidum
952 2041 1036 2107 sine

49 2129 154 2194 froude
177 2130 308 2195 crinis.
366 2127 552 2194 Bistonides
575 2127 717 2194 Threces
741 2131 830 2212 sunt,
858 2150 1037 2213 quaecum

48 2217 71 2280 iu
93 2219 184 2284 sacris
207 2218 317 2283 Liberi
346 2219 448 2303 petris
472 2218 615 2284 crinibus
639 2218 753 2283 solutis
776 2220 958 2304 uersentur,
981 2242 1036 2284 en-

49 2327 106 2389 gues
130 2312 160 2373 ct
188 2308 294 2392 capite
322 2311 355 2372 et
383 2308 425 2382 in*
448 2307 598 2372 munibus
622 2311 767 2392 gestent3
791 2307 874 2371 sine
896 2307 1037 2373 fraude

50 2399 132 2460 eutem
154 2398 224 2462 sine
246 2418 333 2461 noxa
356 2419 393 2460 ac
417 2396 486 2461 sine
509 2396 628 2460 iniuria
650 2396 912 2481 intellegendum.
994 2399 1036 2462 23
1051 2420 1078 2462 25

48 2481 210 2550 Rhoetum
237 2486 440 2550 retorsisti
466 2485 593 2552 leonis
617 2485 811 2570 unguibus
834 2485 1037 2550 horribili-

49 2593 97 2654 que
117 2575 223 2640 mels
281 2595 346 2640 non
373 2573 487 2640 ‘leonis
513 2573 679 2658 unguibus
708 2577 741 2637 et
771 2573 918 2638 horribili
951 2577 1038 2638 mele

49 2663 203 2748 retorsisti',
232 2664 288 2728 sed
316 2662 488 2729 ‘retorsisti
514 2661 679 2727 Rhoetum
702 2663 757 2746 qui
781 2665 831 2726 est
853 2662 955 2728 leonis
978 2686 1036 2727 un-

50 2751 139 2831 guibus
162 2757 196 2817 et
218 2752 367 2816 horribili
390 2749 497 2816 mule'.
538 2752 583 2816 sic
607 2751 724 2816 dicitur
746 2751 826 2817 illud
845 2751 931 2835 apud
944 2750 1037 2816 Uer·
1092 2755 1095 2762 '

50 2839 173 2919 gilium:
208 2838 369 2928 [maculis]
404 2839 518 2917 Quem
551 2840 737 2906 Thracius
770 2839 870 2904 albis
904 2844 1078 2925 portatae

99 2986 128 3033 ‘29
145 2983 216 3035 Aen.
236 2986 261 3049 5,
281 2987 341 3036 665.

99 3111 112 3158 2
129 3108 263 3162 misteriis
284 3105 322 3158 M
338 3106 368 3158 et
385 3103 526 3173 mysteriis
546 3122 563 3171 ς
649 3109 665 3156 3
685 3121 735 3172 qui
753 3104 791 3157 M
876 3111 892 3158 6
911 3103 1039 3158 additam

53 3172 76 3224 ll
124 3182 138 3229 ‘l
156 3178 254 3232 lemma
272 3181 297 3229 et
314 3176 410 3230 scholii
428 3175 542 3228 initium
560 3190 611 3228 oue.
631 3175 669 3227 M
685 3175 719 3240 cf.
741 3177 778 3229 ad
796 3176 874 3244 epist.
892 3180 918 3241 1,
936 3180 983 3241 16,
1002 3176 1038 3229 73

101 3249 238 3302 tmctum
257 3246 297 3300 M
375 3246 511 3314 theurgi
531 3247 569 3299 M
654 3251 688 3299 11
701 3247 787 3314 prius
804 3247 857 3300 seb.
877 3262 905 3300 e.
923 3250 960 3300 17
973 3251 1039 3314 post

55 3315 230 3374 tuluwis
249 3318 288 3371 M
299 3319 423 3387 positum
441 3323 479 3370 cst
564 3332 651 3370 onnes
670 3317 708 3370 M
794 3323 827 3372 16
846 3315 954 3372 subitas
972 3315 1037 3371 Aer.

104 3395 131 3442 18
148 3385 289 3445 audiendo
308 3390 353 3455 M,
372 3387 595 3442 subaudiendum
614 3405 632 3455 ς
700 3390 783 3458 prius
801 3389 855 3442 sch.
873 3405 901 3442 e.
920 3393 958 3442 18
976 3393 1040 3442 ante

55 3456 89 3509 sul.
103 3475 126 3512 u.
143 3465 180 3516 23
199 3461 232 3514 in
250 3461 291 3514 M
360 3465 393 3513 21
412 3458 606 3514 bisthonrdum
625 3459 664 3512 M
738 3465 772 3513 22
791 3458 930 3513 busthrom
947 3460 1039 3512 traces

59 3530 108 3605 runt,
123 3548 166 3599 qm
185 3531 231 3598 M,
251 3532 415 3599 Thraeces*
495 3537 529 3584 2⁷
548 3546 604 3584 non
623 3529 731 3597 addidi,
750 3547 824 3597 eng
899 3535 933 3582 28
951 3530 1039 3580 retor-

59 3599 103 3666 nsti,
114 3603 156 3656 sed
167 3620 235 3660 noe:
253 3604 422 3660 retrorsrstrs
437 3602 473 3657 ed
488 3601 533 3669 M,
551 3600 697 3671 retorsisti,
712 3617 748 3655 en
763 3619 781 3668 ς
836 3605 870 3654 30
883 3600 987 3652 tremus
1002 3597 1041 3648 M
