2416 3934
209 139 251 204 86
627 132 698 189 onii
717 133 765 198 ni,
784 138 809 186 s.

210 303 269 368 sub
285 298 402 364 Crasso
420 297 649 381 militauerant,
670 295 788 361 oblitos
802 293 971 361 Romanae
989 296 1120 364 uirtutis
1140 295 1188 382 api

209 389 349 456 Parthos
362 386 518 451 resedisse
532 385 765 470 turpitudinem
780 385 982 468 captiuitatis
996 407 1100 471 aequo
1118 391 1188 452 enin

209 482 359 546 ferentes.
450 476 620 560 (iturpis
651 473 813 539 maritus
843 473 944 539 uixit
977 478 1014 540 et
1043 475 1188 542 hostiur

211 592 279 656 pro
312 565 418 632 curia
450 565 674 648 inuersique
707 584 845 648 mores,
878 565 1088 629 consenuit
1126 590 1185 632 soc

185 679 341 724 erorum
370 655 411 719 in
446 655 572 719 armis,
630 646 821 736 ὑπέρβατον
855 653 900 717 010
929 653 1160 719 ordinandum:

212 747 357 814 hostium
380 764 564 808 socerorum
585 743 621 806 in
645 742 742 806 armis
765 742 945 806 consenuit.
993 765 1072 808 nam
1094 744 1152 808 illa
1173 761 1189 828 p

214 833 480 904 exclamationem
502 854 561 916 per
582 831 724 915 medium
752 830 828 895 sunt
851 868 894 878 -
918 853 1002 916 quae
1027 831 1149 898 Graece
1172 837 1189 896 t*

214 927 318 1013 μέσου
344 923 447 986 inlata
474 943 543 986 esse
571 920 721 985 dicuntur
748 957 792 966 -
823 919 893 1004 ‘pro
925 921 1015 985 curia
1044 923 1189 1006 inuersiq‘

214 1011 342 1082 mores'.
395 1015 476 1095 puta
498 1014 606 1075 autem
627 1010 691 1074 hoc
713 1031 788 1074 eum
811 1009 943 1074 dixisse:
967 1010 1057 1076 itane
1082 1011 1145 1077 hoc
1167 1013 1189 1076 l'

176 1128 202 1166 10
215 1125 331 1171 manus
351 1100 443 1164 feeit!
486 1122 504 1164 o
527 1120 642 1183 mores,
664 1097 785 1164 inuersi
809 1098 887 1163 estis
910 1102 944 1164 et
967 1121 987 1164 0
1011 1101 1112 1184 curia,
1136 1044 1190 1256 qur]

215 1193 366 1276 indignas
388 1210 440 1253 res
463 1209 560 1273 passa
582 1211 626 1252 es.
689 1188 709 1252 9
734 1187 803 1251 sub
826 1209 917 1274 rege
940 1189 1062 1256 Medo.
1100 1190 1173 1255 Med

217 1308 276 1351 suo
298 1301 388 1345 more
410 1299 470 1362 pro
492 1277 613 1342 Partho
637 1277 755 1361 posuit
800 1290 813 1300 '
850 1278 892 1343 10
916 1279 1147 1344 anciliorum
1168 1301 1190 1344 ii

216 1371 330 1440 minis
353 1371 390 1432 et
408 1371 522 1452 togae
542 1366 689 1432 oblitus
709 1370 967 1451 aeternaeque
986 1365 1142 1433 Uestae.
1177 1393 1190 1454 p

218 1463 334 1530 ancilia
361 1461 394 1522 et
420 1455 557 1522 Uestam
585 1477 676 1520 sacra
703 1476 740 1519 ao
767 1456 941 1542 religiones
968 1455 1138 1522 Romanas
1165 1483 1190 1521 u*

179 1574 204 1616 15
217 1547 372 1632 intellegi.
422 1549 587 1610 aeternam
618 1547 728 1609 autem
750 1542 886 1610 Uestam
913 1549 1049 1631 propter
1078 1499 1191 1648 aeterni

219 1641 275 1724 qui
296 1639 331 1702 in
354 1656 411 1699 ara
434 1635 502 1699 eius
526 1635 683 1718 coluntur,
706 1634 798 1719 ignes
822 1635 911 1700 dixit.
982 1635 1024 1700 12
1048 1636 1191 1706 incolui

218 1730 319 1796 Ioue.
378 1725 458 1788 mire
490 1724 674 1789 incolumi
705 1723 797 1790 Ioue
829 1728 866 1788 ut
899 1725 926 1789 si
958 1724 1095 1790 diceret:
1129 1731 1191 1790 stan

219 1817 353 1899 munde,
380 1814 533 1879 incolumi
559 1835 668 1878 rerum
694 1817 821 1880 natura.
911 1813 954 1879 13
982 1814 1055 1879 hoo
1080 1836 1189 1879 cauer

220 1930 323 1975 mens
346 1903 511 1992 prouida
533 1905 688 1992 Reguli:
725 1925 767 1968 ne
790 1904 862 1988 quis
877 1903 1000 1968 scilicet
1017 1904 1124 1968 uitam
1139 1926 1191 1988 cap

181 2020 207 2060 so
221 2000 322 2064 nitate
346 1999 499 2082 speraret,
522 1995 578 2060 sed
600 1995 708 2079 potius
731 2015 790 2078 pro
814 1993 965 2057 libertate
988 1997 1178 2058 moreretur.

224 2089 266 2152 14
288 2085 558 2151 dissentientis
582 2081 874 2150 conditionibus
901 2081 1042 2165 foedis,
1070 2083 1158 2166 quod

221 2177 330 2260 ptiuos
353 2173 508 2238 Afrorum
530 2174 637 2238 noluit
658 2194 717 2257 pro
742 2193 776 2236 se
799 2171 898 2236 reddi.
991 2171 1032 2236 15
1063 2167 1192 2254 exemp

222 2262 397 2327 trahenti
420 2262 631 2345 perniciem
653 2260 815 2331 ueniens
835 2261 875 2325 in
893 2282 1042 2325 aeuum:
1061 2261 1192 2344 pernici<

222 2352 299 2416 hinc
330 2371 554 2434 processuram
583 2351 618 2414 in
650 2350 797 2415 futurum
823 2353 965 2434 tempus,
998 2350 1025 2413 si
1056 2351 1192 2434 exempli

184 2435 288 2505 111010
311 2439 486 2504 induceret.
555 2441 595 2504 17
625 2440 659 2504 si
686 2461 763 2505 non
786 2440 932 2523 periret
954 2438 1192 2503 inmiserabiss

225 2529 381 2614 captiua
416 2528 538 2613 pubes
574 2529 607 2593 id
640 2533 705 2594 est:
744 2529 771 2594 si
806 2533 875 2593 noti
910 2527 1072 2612 perissent
1109 2529 1192 2610 capti

224 2641 362 2706 quorum
383 2639 479 2683 nemo
503 2640 615 2684 eorum
642 2617 787 2684 misereri
820 2617 958 2682 deberet.
1051 2617 1093 2681 18
1128 2618 1185 2700 sig

114 2729 119 2748 ¹
224 2731 293 2796 ego
323 2707 481 2812 lJunicis
512 2707 643 2812 adfixa
676 2707 860 2808 delubria
915 2705 997 2808 haee
1027 2705 1130 2770 uerba
1163 2731 1192 2768 su

186 2799 349 2952 0111111
370 2795 1192 2973 lttlittetttttlltlttttttet

225 2974 382 3040 Romanis
405 2975 571 3062 militibus,
594 2998 668 3041 cum
692 2997 724 3040 se
747 2975 841 3039 facile
865 2973 1048 3059 captiuitati
1065 2973 1190 3036 tradere

226 3064 375 3129 uiderit..
411 3064 454 3128 23
474 3068 511 3129 et
529 3088 622 3130 arna
640 3065 762 3129 Marte
785 3063 863 3129 coli
883 3062 1074 3147 populata
1096 3067 1192 3126 nost}

300 3231 456 3278 lerassum
476 3223 515 3277 M
605 3222 756 3277 3ferent1s
775 3223 813 3275 M
902 3226 1097 3276 4sacerorum
1115 3237 1144 3273 in
1163 3236 1192 3271 ar

229 3293 267 3349 M
334 3296 514 3350 7111111101.ι
533 3296 576 3349 ost
595 3293 634 3347 M
695 3288 817 3364 Sps'ooo
836 3287 1078 3361 0001111111
1134 3296 1192 3358 api

228 3365 286 3419 cod.
304 3364 403 3420 Bamb.
513 3371 547 3418 10
564 3380 656 3419 mores
675 3381 760 3433 quam
778 3365 883 3420 inuersi
907 3381 937 3432 ς,
962 3379 1048 3432 quam
1071 3377 1121 3418 001.
1141 3367 1164 3414 et
1181 3377 1192 3412 e

228 3435 326 3489 Bacab.
419 3443 451 3489 11
472 3436 514 3490 est
533 3435 573 3488 M
666 3442 698 3490 12
717 3436 904 3490 hanoihorum
923 3435 946 3489 a
963 3451 1086 3490 nominis
1103 3435 1184 3502 togae

229 3506 308 3560 ueste
327 3505 366 3558 M
436 3510 471 3559 14
487 3505 641 3560 hanciham
660 3505 699 3559 M
760 3513 793 3561 18
811 3505 965 3561 hocauerat
984 3505 1023 3558 M
1085 3510 1117 3557 21
1137 3503 1191 3557 diss

228 3577 333 3631 tientes
348 3575 386 3630 M
420 3581 454 3629 23
467 3576 606 3629 trahentis
626 3576 664 3629 M
680 3579 830 3646 pernitiem
849 3578 890 3631 bis
909 3577 948 3630 M
996 3581 1030 3630 28
1049 3591 1150 3645 punica
1170 3575 1192 3626 il

228 3647 276 3702 liic
296 3647 334 3700 M
422 3652 457 3701 30
475 3645 699 3716 indignationem
719 3649 757 3702 M
841 3655 875 3702 32
893 3647 998 3702 uiderit
1015 3662 1079 3700 aas:
1096 3646 1183 3700 uideri
