2378 3934
170 133 231 200 153
531 129 682 186 cronon
702 137 717 186 e
737 131 800 186 ere

170 319 245 384 gere
268 319 335 362 non
358 295 472 380 possis.
530 295 565 358 in
591 295 705 358 funere
728 297 837 358 antem
860 293 1054 359 nobilissimi
1078 295 1173 360 cuius·

170 381 1173 540 illaillliaalmlilffiulmlffnllelll‘lmlilllnlffl

173 564 214 629 15
237 564 328 648 quid
351 562 451 647 quod
473 561 601 626 libelli
619 557 742 625 Stoici
760 560 864 624 inter
883 493 1174 626 Sirieoi1acera

145 653 360 737 ⁵puluillos
384 652 519 716 amant.
557 649 718 734 significat
703 649 829 712 tillem
851 648 1014 713 uindicare
1039 649 1165 713 sibislu

171 741 259 806 dium
281 739 505 825 philosophiae
528 742 561 802 el
584 739 625 803 ob
648 737 682 801 id
705 759 778 802 cum
801 737 884 803 libro
907 737 1096 822 frequenter
1114 749 1176 810 esse

171 830 212 894 ad
235 829 407 914 legendam
431 827 553 892 scilicet
574 826 717 891 libidinis
737 825 905 891 uilitalem.
966 827 1006 890 17
1030 825 1174 890 inlitte-

170 918 246 982 rati
268 939 345 983 non
367 917 492 982 minus
517 918 605 997 [non
628 916 768 996 minus]
790 915 902 979 nerui
923 915 1066 1000 rigent.
1108 915 1158 999 qui

170 1007 310 1091 prodest,
333 1006 448 1089 inquil,
472 1007 635 1070 ostentare
656 1007 690 1068 le
710 1004 888 1068 lilleratam
907 1024 985 1088 esse,
1008 1025 1085 1068 curn
1128 1004 1134 1015 '
1158 1003 1164 1016 '

133 1109 159 1150 1⁰
171 1098 204 1159 le
226 1096 289 1159 hoc
313 1094 464 1158 adiuuare
487 1093 590 1177 possit
613 1092 655 1157 ad
673 1092 862 1178 erigendum
880 1091 961 1158 mihi
978 1113 1107 1176 penem,
1129 1115 1148 1175 q
1169 1091 1175 1108 '

171 1184 297 1248 litteras
319 1183 423 1248 nescii
445 1203 505 1246 nec
528 1203 639 1246 earum
662 1181 805 1246 studium
826 1181 934 1247 haber.
979 1203 1102 1247 neruos
1123 1205 1143 1264 p

171 1273 257 1338 uirili
284 1273 429 1336 membro
457 1271 545 1350 dixit.
605 1273 638 1334 et
665 1273 714 1335 esi
742 1270 820 1335 ordo
844 1269 923 1336 ‘non
945 1271 1052 1334 minus
1074 1271 1144 1354 rige

170 1360 287 1444 nerui’3
312 1365 344 1424 et
367 1360 498 1447 ‘rigens'
521 1381 580 1445 pro
604 1358 726 1443 ‘frigidi
750 1357 837 1422 sunl'
861 1359 969 1442 accipe
984 1380 1021 1423 ac
1035 1380 1094 1443 per
1108 1359 1177 1423 hoc:

171 1450 252 1515 lenti
265 1453 298 1514 et
311 1454 501 1515 marcentes,
549 1449 589 1514 18
608 1447 782 1512 minusue
800 1448 963 1532 languet
982 1447 1176 1512 fascinum

134 1551 274 1691 ”llll
287 1535 1176 1709 llMllulclsllcllllllssliffiml

489 1780 640 1838 EPODON
659 1781 812 1837 GARMEN
831 1789 856 1838 9.

261 1891 420 1969 Quando
461 1892 673 1976 reposiium
715 1889 932 1957 Caecubum
975 1892 1020 1956 ad
1061 1889 1176 1956 feslas

174 1983 303 2066 dapes:
327 1981 448 2046 adhoc
466 1981 653 2066 repositum,
675 1985 798 2046 utnon
816 1980 880 2044 nisi
899 1980 940 2044 ad
959 1980 1058 2045 fescau
1072 1981 1176 2065 epulas

134 2071 377 2154 reproferretun
439 2071 632 2134 curatore
655 2070 781 2135 laetus
805 2067 978 2134 Caesare.
1015 2073 1052 2134 ul
1074 2091 1112 2134 ex
1135 2071 1176 2132 in-

172 2159 343 2222 ferioribus
373 2159 556 2243 apparebit,
584 2181 656 2223 eam
678 2158 848 2222 uictoriam
872 2156 1019 2223 Caesaris
1042 2157 1179 2244 Augusti

173 2245 344 2330 significat,
367 2246 525 2331 quamde
548 2246 693 2312 Antonio
716 2249 749 2311 et
771 2244 944 2330 cleopatra
972 2247 1179 2332 quaesiuerall

262 2334 282 2398 3
314 2337 439 2398 lecum
472 2336 541 2400 sub
573 2337 653 2400 alla
689 2335 743 2400 sic
775 2335 860 2400 Ioui
892 2340 1045 2421 graium
1075 2335 1179 2401 domo

172 2422 285 2488 beate
308 2421 510 2489 Maecenas
537 2424 680 2489 bibam:
704 2428 742 2488 ut
763 2446 823 2489 nos
847 2425 889 2489 ob
912 2425 1082 2490 uicloriam
1105 2423 1179 2488 an-

133 2529 160 2574 ιι
174 2512 255 2578 saris
277 2512 355 2575 laeli
378 2514 552 2599 epulemur,
576 2514 693 2598 quippe
717 2513 882 2597 cumipse
905 2513 1047 2596 Iuppiter
1072 2518 1179 2578 auctor

173 2602 216 2666 sil
238 2602 306 2666 eius
330 2601 491 2667 uictoriae.
560 2603 581 2668 5
605 2606 768 2667 sonante
791 2602 949 2666 minium
972 2603 1083 2668 libiis
1102 2625 1178 2666 car-

172 2711 256 2756 men
277 2692 362 2776 lyra
384 2690 455 2755 hac
477 2689 635 2756 Dorium
657 2691 739 2756 illis
761 2690 977 2756 barbarum.
1031 2691 1177 2755 nimimm

174 2777 273 2844 ‘tibiis
300 2778 495 2845 barbarum'.
550 2781 688 2845 diximus
716 2782 825 2844 aulem
850 2784 882 2844 el
904 2802 1003 2865 snpra
1025 2783 1090 2844 ’cres
1113 2802 1178 2844 csse

173 2869 295 2950 species
318 2868 404 2952 apud
427 2867 565 2934 Graecos
590 2870 734 2934 omnium
756 2869 935 2953 modorum,
957 2868 1105 2934 Ionicum
1119 2867 1177 2951 Ly

131 2954 261 3020 odium
289 2956 470 3022 barbarum.
562 2958 580 3022 7
609 2962 651 3022 ul
678 2979 801 3042 nuper
830 2961 938 3022 actus
970 2979 1050 3022 cum
1082 2957 1177 3022 frelo

137 3041 272 3130 ¹’cNep
276 3045 389 3109 unius
418 3046 490 3110 dux
517 3047 620 3132 fugit
646 3047 744 3112 ustis
772 3048 946 3112 nauibus
999 3051 1042 3112 ul
1064 3067 1178 3130 nuper

243 3202 544 3273 2824041530

244 3344 752 3428 3uidemus36pulu1nosM
838 3347 1027 3403 'dualitatem
1046 3349 1086 3402 M
1160 3353 1176 3399 9

171 3409 297 3466 litteram
317 3415 355 3466 M
413 3420 446 3469 10
464 3416 553 3484 poss&
572 3418 611 3470 M
662 3421 703 3472 15
722 3434 790 3488 prae
807 3417 977 3474 fascinandis
995 3435 1045 3474 aaa
1063 3418 1177 3489 p-raclas

173 3481 298 3536 cinandis
318 3483 390 3550 Μς
464 3491 496 3538 19
515 3488 613 3557 dapes:
633 3489 700 3543 dare
719 3490 758 3542 Μ
818 3490 1027 3559 21apparab1t
1046 3437 1085 3544 M
1146 3493 1176 3540 23

173 3550 312 3604 domum.
332 3569 487 3609 mecenas
507 3557 545 3610 M
603 3563 636 3612 25
655 3559 707 3629 lup
708 3559 782 3630 piter
800 3561 900 3616 addidi
953 3565 987 3615 27
1008 3577 1040 3615 ac
1059 3561 1097 3643 M
1146 3565 1177 3612 28

173 3619 259 3687 lybus
276 3622 387 3677 barber.
404 3624 443 3676 M
518 3633 551 3679 29
570 3578 726 3685 modorum
735 3647 798 3686 cos:
816 3647 910 3686 rernm
929 3631 975 3702 M,
994 3631 1177 3696 carminnmg
