2378 3934
177 147 242 211 222
511 141 633 200 02220
652 144 673 212 1,
693 150 718 214 0,
737 150 853 200 22-00.

177 310 262 395 quod
292 309 496 374 dissimulata
526 305 710 372 humilitate
739 307 900 372 natalium
932 309 1028 391 paulo
1053 309 1162 372 0202222

177 402 264 484 agat.
329 398 374 463 44
407 398 544 462 saltem
571 395 874 461 2020211002οο
920 329 1172 480 adidpertineti

177 487 263 572 quod
295 486 411 552 dixerit
442 508 516 551 eum
542 484 738 550 causidicum
767 507 847 550 esse.
892 507 970 571 ergo
994 507 1107 551 sensus
1128 487 1172 549 est}

175 576 240 641 hoc
262 598 313 641 me
336 577 452 641 saltem
474 576 610 657 0010222,
641 576 678 637 22
708 574 802 638 illum
824 575 1019 658 sustineam,
1051 576 1172 638 cumin

151 665 293 751 ⁶digner
315 665 460 750 alioquin
481 663 669 728 libertinum
691 665 874 748 equestrem
901 662 1097 749 dignitatem
1118 685 1170 727 002

178 757 324 820 secutum
347 775 426 818 esse.
493 753 536 817 47
562 773 662 816 nunc
685 752 775 836 quia
798 752 869 816 sim
891 753 967 816 tibi
989 681 1173 820 Maecenal

178 843 379 908 conuictor
416 845 455 907 at
489 842 582 905 olim
617 841 723 925 .quod
759 840 853 904 mihi
887 844 1048 924 pareret
1093 842 1173 925 legi<

177 931 349 996 Romana
383 930 550 995 tribuno.
609 930 687 994 dicit
723 930 786 994 sibi
822 929 961 994 inuideri
992 951 1081 994 nunc
1110 951 1173 1012 quo(

178 1019 332 1084 conuiuat
355 1041 427 1084 oum
440 1017 637 1103 Maecenate,
659 1021 734 1083 ante
758 1019 846 1103 quod
867 1019 1020 1083 tribunus
1038 999 1174 1170 2212222121

138 1126 165 1166 ro
177 1104 366 1194 praefuerit,
397 1108 491 1192 quasi
512 1111 684 1191 utrumque
706 1129 805 1191 supra
826 1107 1047 1191 humilitatem
1071 1109 1171 1193 gene'

178 1197 247 1262 eius
271 1198 322 1262 sit.
388 1197 432 1262 49
469 1197 559 1282 quia
589 1218 667 1261 non
697 1201 739 1261 ut
765 1197 884 1261 forsit
905 1196 1094 1262 honorem
1116 1197 1174 1260 222

177 1286 273 1352 222122
296 1287 392 1368 [0000]
419 1285 596 1350 inuideat
623 1285 752 1370 quiuis
780 1286 837 1350 ita
863 1290 900 1349 te
928 1306 1084 1370 quoque
1107 1287 1172 1348 ami

179 1397 269 1440 cum.
313 1375 563 1460 prudentissime
599 1374 729 1439 dictum.
778 1375 918 1439 forsitan
954 1375 1043 1438 enirn
1083 1375 1169 1438 merit

178 1464 316 1529 inuideri
338 1464 454 1529 debeat
476 1464 515 1549 ei,
538 1463 594 1549 qui
614 1463 772 1528 beneficia
793 1464 943 1528 fortunae
961 1462 1095 1546 habeat,
1119 1486 1173 1547 qua

141 1569 166 1610 ιε
178 1553 366 1637 plerumque
388 1556 508 1618 temere
531 1556 565 1617 et
587 1552 658 1617 sine
679 1551 798 1617 iudicio
821 1553 887 1618 2110
912 1552 1136 1655 superueniat,
1161 1575 1175 1616 0

179 1641 354 1705 amicitiam
376 1639 575 1706 Maecenatis
599 1641 753 1726 consequi
773 1641 838 1706 nisi
861 1641 1015 1728 uirtute
1004 1662 1040 1705 22
1068 1663 1102 1706 00
1124 1637 1176 1794 prp

177 1732 328 1794 uocatam
357 1751 425 1794 non
452 1730 567 1831 potuit.
612 1752 709 1814 porro
738 1732 846 1794 autem
881 1721 972 1831 quod
1003 1730 1129 1794 uirtute
1159 1753 1174 1792 a

178 1839 256 1884 uero
279 1817 397 1884 iudicio
420 1819 492 1904 quis
524 1818 725 1904 adsequitur,
760 1819 898 1883 inuideri
930 1819 960 1882 02
991 1840 1065 1882 non
1095 1819 1176 1882 debet

179 1929 253 1973 cum
275 1928 395 1994 magno
418 1908 527 1974 labore
550 1907 612 1974 hoe
635 1908 665 1972 ei
688 1911 824 1973 constet.
891 1906 933 1972 56
957 1911 999 1972 22
1022 1907 1117 1972 2022
1137 1928 1173 1970 00

139 2017 258 2062 acram
294 1997 499 2083 singultim
538 2018 660 2082 pauca
691 1997 843 2062 locutus
867 1996 1000 2061 infans
1032 2019 1170 2080 namqu

178 2086 301 2170 pudor
322 2086 557 2170 prohibebat
578 2087 692 2170 plura
715 2085 874 2170 profari.
906 2085 1122 2150 manifestum
1140 2107 1171 2148 es

178 2173 338 2238 infantem
371 2197 390 2238 a
420 2197 489 2240 non
519 2175 618 2241 fando
650 2197 735 2240 nuno
767 2173 894 2240 dixisse.
938 2196 998 2239 nec
1032 2175 1123 2238 enim
1159 2197 1177 2238 0

180 2264 318 2327 aetatem
341 2263 479 2328 relatum
502 2268 560 2328 est.
604 2285 701 2348 porro
714 2264 795 2329 12000
813 2285 848 2329 20
861 2285 939 2328 2020
956 2267 1078 2328 202220
1101 2263 1177 2327 nobi

180 2353 243 2434 002,
277 2354 328 2435 22,
365 2351 406 2416 ad
438 2353 635 2418 sublimioris
667 2353 835 2440 dignitatis
863 2353 951 2418 uiros
982 2373 1057 2417 cum
1093 2352 1177 2416 adhn

139 2439 711 2596 221221222222
722 2441 1118 2596 222211112222112.
1140 2459 1177 2593 11⁰0

178 2618 265 2683 mine
287 2617 411 2684 fundi
402 2641 437 2684 1u
459 2618 580 2704 Apulia
602 2621 667 2686 illis
689 2619 888 2703 temporibus
916 2618 1019 2683 222000
1043 2618 1177 2683 (1202222

137 2765 143 2772 .
179 2709 259 2773 satis
294 2708 394 2793 ampli
432 2729 469 2773 00
501 2710 635 2775 nobiles.
689 2730 747 2793 per
782 2707 868 2793 quod
897 2706 1043 2791 Apulum
1076 2729 1177 2792 equor

180 2796 346 2881 significat.
391 2797 534 2882 Apulum
562 2802 670 2863 autem
705 2819 822 2884 equum
844 2819 903 2882 pro
927 2797 1050 2881 optimo
1083 2798 1177 2880 utiqu

139 2886 322 2970 mancipare
337 2887 498 2952 debemus.
554 2888 597 2952 60
619 2887 831 2970 respondes
854 2889 895 2950 ut
917 2888 1007 2950 2220
1032 2889 1094 2949 002
1118 2907 1175 2948 mo

179 2995 299 3058 pauca
322 2975 415 3041 abeo
439 2980 477 3041 et
499 2997 658 3042 reuooas
680 2997 781 3042 nono
803 2978 893 3059 post
915 2995 1045 3038 mense
1062 2974 1177 3038 iubes

251 3175 266 3223 1
298 3168 458 3224 (insimulat
484 3169 521 3224 ab
539 3169 699 3225 humrlrtate
719 3169 758 3223 M
788 3193 799 3214 ι
842 3167 969 3235 Ρο21ος
1060 3172 1077 3220 5
1112 3181 1177 3235 equ·

179 3241 268 3294 strum
287 3239 326 3293 M
379 3241 450 3295 'lad
465 3241 504 3295 M
565 3240 809 3296 9conuiuatcoa:
828 3255 891 3293 oum
909 3239 991 3292 uruat
1005 3237 1043 3292 M
1076 3235 1162 3292 uiuat

249 3309 426 3365 mmubumu
444 3311 588 3380 prefuerat
606 3312 645 3366 M
716 3317 748 3366 13
767 3310 896 3366 foratam
910 3309 948 3363 Μ
1018 3315 1053 3364 14
1071 3308 1098 3362 02
1114 3308 1176 3360 Har

179 3377 251 3430 thal:
268 3379 349 3432 &M
416 3382 519 3436 20222110
539 3383 578 3436 M
634 3388 667 3436 15
685 3382 744 3437 ullo
758 3399 809 3451 sup
811 3381 937 3436 02202202
954 3395 1018 3434 nos:
1035 3378 1177 3447 21122002(

179 3447 241 3498 mat
259 3447 298 3499 M
366 3450 403 3503 ad
421 3454 601 3507 amrtroram.
622 3469 760 3522 .qeons03
753 3452 818 3506 ·M
889 3457 922 3506 16
941 3451 1083 3505 uirtutem.
1123 3451 1177 3502 120

180 3517 363 3582 prouocatam
382 3520 420 3573 M
472 3525 659 3577 17u1rtutem
678 3524 716 3577 M
769 3529 802 3578 18
820 3521 945 3578 inuidere
965 3521 1003 3575 M
1064 3526 1098 3574 2ο
1118 3519 1177 3573 2210

182 3583 382 3652 ..prohrbeat
400 3590 439 3642 Μ
490 3599 523 3646 23
542 3592 698 3648 1200021220
717 3595 756 3648 M
812 3591 973 3648 2600120110
993 3591 1032 3645 M
1088 3596 1124 3645 29
1150 3591 1177 3643 01

180 3621 250 3706 timo
270 3653 308 3706 M
377 3661 410 3709 31
429 3660 462 3712 22
478 3678 592 3718 2020000
610 3680 667 3718 202
686 3665 724 3718 M

1006 3890 1020 3895 ..
1038 3882 1108 3895 -..Ι-ΙΑ
1126 3881 1177 3893 ---1
