2378 3934
150 74 214 139 184
482 71 602 128 saruc
621 71 644 142 1,
664 78 687 139 1,
706 75 803 126 r-as.

147 237 316 304 decoros.
362 235 417 301 sed
441 238 474 300 et
496 234 564 318 ipse
578 229 767 299 Horatius
789 233 827 297 iu
841 233 1041 298 carminibus
1055 232 1146 301 Mem

146 327 214 390 bra
237 325 305 391 sub
330 324 469 390 arbuto
493 327 650 388 stratus
719 323 737 385 7
767 321 858 407 quid
882 322 982 386 enim
1005 343 1146 387 concur

146 416 247 480 ritur
279 413 395 479 horae
428 414 628 479 momento.
678 410 773 496 quasi
795 409 1027 495 interpellante
1053 411 1149 475 affero

146 503 210 568 hoc
241 501 371 587 dicitur,
407 504 440 565 et
466 505 516 566 est
542 500 641 564 etiam
670 499 913 566 consuetudinis
936 503 1081 565 nostrae.
1144 508 1149 557 :

121 592 226 657 acite
257 613 358 657 mors
387 590 495 655 uenit
541 591 608 652 aut
643 588 813 654 uictoria
834 589 949 654 laeta.
995 587 1149 673 quasidi

146 702 266 746 nauem
306 679 502 744 iactantibus
539 676 658 742 ansuis
694 676 757 742 hoc
793 677 922 742 dicitnr.
1019 678 1064 742 10
1100 699 1159 740 sui

147 770 244 856 galli
277 771 429 833 cantum
459 766 661 832 consultor
692 765 758 830 ubi
795 766 899 831 ostia
934 766 1079 850 pulsat.
1121 789 1150 828 rs

147 859 269 924 dictum
292 862 328 921 ut
360 854 436 922 Sub
465 858 621 920 noctem
652 875 743 919 cura
773 859 959 920 recursat.
1031 855 1073 919 11
1101 855 1156 917 ill

147 947 250 1012 datis
273 944 437 1046 uadibus
460 944 524 1030 qui
546 965 633 1045 rure
657 945 853 1008 extractus
876 944 917 1008 in
940 942 1076 1008 urbem
1095 947 1164 1024 estc

108 1052 134 1092 ¹⁰
148 1034 685 1190 tssi.l⁸⁶.¹¹ttl¹.¹¹t0.tt¹¹ltf⁰
710 1030 1166 1204 Msttlllfflsttt..

148 1212 212 1277 dici
233 1214 349 1278 notum
371 1214 434 1294 est,
467 1210 568 1296 quod,
603 1210 660 1293 qui
682 1229 738 1274 eos
762 1209 900 1293 dederit,
930 1209 1052 1274 uadere
1083 1209 1112 1273 ei
1132 1207 1160 1272 id

149 1304 200 1366 est
222 1300 383 1366 discedere
405 1300 536 1364 interim
562 1299 667 1365 liceat
738 1297 780 1362 13
810 1298 1014 1383 loquacem
1045 1297 1161 1361 delas·

148 1411 235 1456 aare
258 1390 392 1455 ualent
413 1387 583 1453 Fabium.
628 1386 716 1472 quod
729 1385 851 1452 Fabius
864 1385 1029 1452 Maximus
1043 1383 1159 1450 Narbo·

110 1495 136 1537 1⁵
150 1479 260 1544 nensis
283 1477 424 1562 equestri
446 1478 518 1543 loco
541 1479 639 1541 natus
660 1475 877 1560 Pompeianas
903 1479 1015 1560 partes
1039 1479 1159 1540 secutus

148 1568 276 1650 aliquot
310 1566 411 1631 libros
448 1566 489 1630 ad
522 1563 663 1631 Stoicam
694 1564 938 1650 philosophiam
969 1563 1159 1648 pertinentes

148 1654 346 1738 conscripsit.
393 1653 435 1719 16
457 1654 534 1719 eris
551 1657 594 1719 tu
617 1653 682 1739 qui
704 1654 815 1719 modo
838 1653 952 1718 miles
975 1657 1160 1720 mercator

145 1746 188 1808 tu
219 1742 421 1808 consultus
451 1743 561 1808 modo
590 1743 771 1808 rusticus.
817 1743 983 1828 eleganter
1006 1741 1159 1808 adfectata

151 1831 355 1918 ambiguitas.
399 1853 476 1897 nam
498 1853 572 1898 cum
594 1830 791 1916 praedixerit
812 1853 833 1896 a
855 1831 958 1897 milite
980 1831 1158 1898 mercatoris

111 1938 138 1979 20
152 1924 273 1988 sortem
308 1921 434 1988 laudari
465 1924 498 1986 ct
530 1922 750 1986 amercatore
773 1919 900 2005 militis,
935 1921 1016 1986 item
1048 1943 1070 1986 a
1090 1919 1158 1984 iuris

148 2011 253 2096 perito
276 2011 388 2076 rustici
411 2014 445 2076 ct
466 2011 507 2075 ab
530 2010 594 2076 hoc
615 2010 713 2094 illius,
734 2009 782 2074 ita
800 2009 968 2076 subiunxit
985 2009 1158 2090 dictionem,

148 2100 239 2165 cuius
262 2100 399 2165 liberum
422 2100 523 2165 sitin
546 2119 658 2165 omnes
681 2120 838 2184 personas
861 2120 995 2164 sensum
1007 2098 1158 2165 reducere.

237 2188 281 2252 20
312 2187 408 2272 quid
438 2209 576 2254 causac
606 2192 666 2253 est
692 2188 831 2253 merito
854 2188 947 2272 quin
969 2187 1057 2254 illie
1080 2185 1158 2270 Iup-

147 2275 251 2360 piter
282 2276 412 2341 ambas
443 2277 568 2343 iratus
599 2277 741 2342 buccas
773 2277 900 2342 inflet.
954 2277 1051 2362 quin
1079 2296 1157 2340 nuuc

107 2380 134 2421 2⁵
149 2363 311 2450 significat
333 2366 546 2449 quominus.
592 2387 706 2432 sensus
730 2369 780 2432 est
803 2369 927 2432 autern:
954 2365 1049 2432 nulle
1071 2385 1159 2430 causa

149 2456 273 2518 estnec
291 2453 376 2520 ratio
391 2456 541 2539 querellis
565 2456 737 2540 quominus
760 2454 825 2521 illis
838 2454 986 2540 Iuppiter
999 2453 1044 2520 sit
1057 2455 1158 2518 iratus.

237 2543 281 2608 23
311 2548 512 2628 praeterea
540 2544 697 2610 neeric
727 2547 769 2609 ut
800 2544 864 2630 qui
892 2543 1086 2610 iocularia
1114 2542 1157 2605 ri-

148 2632 242 2698 dens
264 2654 496 2718 percurram.
540 2634 619 2700 ordo
643 2638 677 2699 et
700 2653 828 2700 sensus:
860 2635 1029 2718 praeterea
1047 2630 1157 2698 necsic

151 2722 332 2804 [iocularia]
355 2745 543 2807 percurram
565 2726 602 2788 ut
625 2723 681 2808 qui
703 2722 811 2788 ridens
824 2721 981 2788 iocularia
998 2719 1157 2806 percurrit.

109 2830 137 2870 a
150 2810 197 2874 ita
220 2816 253 2876 et
275 2833 411 2897 zeugma
433 2815 483 2878 est
505 2816 539 2880 et
561 2811 648 2898 quod
675 2833 715 2878 cx
738 2809 955 2896 ‘percurram'
980 2805 1156 2896 ‘percurrit'

149 2943 363 2956 ——u—-n——a

221 3010 235 3057 1
255 3004 299 3060 od.
321 3012 344 3072 1,
366 3011 389 3074 1,
408 3011 440 3059 21
521 3012 537 3062 s
555 3005 639 3076 Uerg.
657 3003 727 3062 Aen.
747 3012 772 3075 1,
792 2977 850 3060 sca

150 3119 364 3132 m-

222 3181 308 3237 urse
328 3183 367 3236 M
439 3183 567 3238 'lhostis
587 3183 625 3240 M
695 3181 901 3238 tualibus..
921 3181 1044 3238 extracte
1065 3180 1101 3234 M

152 3254 185 3302 14
204 3252 280 3318 quod
298 3253 442 3309 delendum
460 3255 572 3309 uidetur
651 3260 683 3310 15
711 3255 792 3309 natos
812 3253 850 3307 M
923 3258 955 3307 17
974 3253 1111 3307 mmcatm
1127 3291 1154 3303 ..

152 3321 294 3375 consultor
313 3325 351 3378 M
420 3330 456 3380 20
473 3325 578 3381 milites
597 3326 636 3380 M
691 3331 725 3380 21
743 3325 820 3380 illius
837 3341 902 3381 nos:
919 3324 991 3380 rllud
1010 3323 1048 3378 M
1106 3321 1154 3375 dre·

149 3401 257 3442 cronem
293 3397 326 3446 Μ
346 3411 414 3449 cuns
435 3395 473 3448 M
507 3402 542 3450 24
560 3400 647 3451 iratas
666 3395 705 3451 M
748 3402 782 3452 28
801 3396 869 3452 ordo
889 3397 932 3452 cst
950 3397 1004 3466 (est
1020 3411 1054 3450 m.
1074 3400 1098 3448 1.
1111 3393 1153 3446 del.

149 3461 174 3508 ct
192 3456 215 3509 lo
231 3473 258 3539 a·
272 3459 290 3512 l.
302 3465 410 3541 “porciu
433 3480 534 3544 'sensus
559 3469 708 3536 practerea
727 3483 779 3524 nec
805 3485 828 3520 u
846 3467 982 3522 roeulana
1003 3479 1153 3538 percurram

148 3541 183 3578 m.
202 3531 227 3578 1.
246 3544 278 3580 ra
295 3546 353 3584 amo
366 3549 476 3600 popano
495 3536 533 3589 M
586 3544 619 3592 29
638 3537 774 3593 iocularia
791 3538 880 3592 deleat
940 3544 974 3593 30
993 3552 1108 3607 ceugme
1124 3531 1155 3586 M

150 3594 225 3660 quod
243 3611 277 3650 ex
296 3596 405 3670 Pauly:
424 3618 457 3654 ex
476 3619 509 3658 eo
529 3607 567 3660 M
637 3625 775 3678 percurris
792 3608 955 3664 edsumrnus
974 3608 1013 3662 M
