2426 3934
173 220 238 284 350
470 222 540 277 ARS
558 221 715 276 POETIOA
736 229 885 278 rra-128.

171 386 333 449 multum
367 386 534 450 diuusne
565 387 750 470 loquatur
787 408 833 451 an
868 356 984 452 beros
1020 387 1080 452 hoc
1113 392 1163 453 cst:

171 475 227 538 uni
255 475 369 558 cuique
396 495 553 558 personae
580 478 672 539 actus
701 476 862 558 aptandus
886 479 942 540 est.
988 497 1165 560 quamquam

170 563 255 648 apud
278 562 527 628 Menandrum
550 563 714 628 inducitur
737 585 849 628 seruus
873 561 1060 651 [inducitur]
1083 566 1167 631 libere

169 654 316 738 loquens,
338 657 376 717 ut
398 653 506 717 omnia
529 652 660 718 domino
685 653 875 737 simpliciter
891 655 1042 718 fateatur.
1073 655 1167 738 itaque

143 761 235 827 aquo
262 742 358 806 modo
386 742 477 806 illum
505 741 658 807 excusat?
687 743 735 822 [et
760 741 822 807 hcc
844 744 899 808 ille
921 743 1124 828 indulgenter
1143 749 1166 807 el

169 832 379 913 inconsultcl.
471 832 534 895 119
562 835 628 896 aut
654 831 794 895 famam
822 855 983 917 sequere
1012 836 1077 897 aut
1105 834 1166 896 sibi

171 919 446 986 conuenientia
482 921 598 1006 finge.
655 920 718 985 hoc
755 921 842 986 aliud
877 924 1088 1005 praeceptum
1121 924 1166 984 cst.

169 1031 247 1073 nam
269 1012 366 1092 poeta
390 1009 567 1093 scripturus
590 1012 646 1075 aut
673 1010 849 1075 secundum
872 1032 1067 1076 consensum
1089 1009 1169 1073 debet

169 1096 289 1182 aliquid
318 1097 512 1184 describere,
544 1092 600 1163 a'nt
626 1099 653 1163 si
679 1099 851 1164 historiam
876 1102 1046 1183 tamquam
1072 1099 1168 1162 tritam

132 1206 156 1244 10
169 1208 238 1252 non
259 1187 332 1251 uult
355 1189 514 1273 attingere
538 1187 633 1252 debet
655 1188 885 1253 conuenienter
912 1210 1001 1252 noua
1023 1187 1166 1252 inducere.

261 1277 325 1341 120
358 1277 528 1360 scriptor
562 1278 793 1343 honoratum
827 1279 859 1342 si
890 1277 992 1342 forte
1025 1277 1167 1360 reponis

169 1365 356 1430 Achillen
379 1367 465 1450 apud
491 1367 642 1451 antiquos
665 1366 903 1431 comoediarum
925 1367 1166 1452 tragoediarum-

170 1476 232 1540 que
264 1455 437 1539 scriptores
474 1478 546 1521 cum
577 1457 717 1540 primum
753 1455 788 1518 in
820 1477 969 1520 scaenam
1003 1454 1165 1540 prodirent,

170 1544 393 1609 fauorabiliter
421 1545 675 1629 excipiebantur,
703 1547 795 1609 etiam
819 1545 952 1609 simale
976 1547 1121 1630 agerent,
1141 1545 1169 1604 ut

130 1655 156 1695 a
169 1633 299 1698 illorum
326 1631 367 1697 ad
391 1633 594 1698 scribendum
622 1635 740 1698 iterum
767 1633 973 1698 allicerentur
1003 1633 1114 1715 animi,
1137 1653 1167 1694 ac

169 1726 318 1806 praetore
345 1725 482 1806 cogente
508 1726 612 1787 totam
639 1744 769 1788 necesse
796 1727 867 1787 erat
892 1723 1007 1808 peragi
1029 1721 1165 1786 fabulam.

170 1813 222 1876 sin
244 1833 322 1890 uero
355 1811 384 1875 ei
413 1812 479 1876 iam
501 1813 584 1875 male
608 1813 763 1898 egissent,
798 1812 1000 1896 incipiebant
1037 1809 1166 1876 derideri.

169 1901 242 1967 ideo
273 1901 353 1965 dixit
385 1898 547 1987 ‘reponis',
583 1901 677 1984 quasi
714 1900 843 1964 ‘iterum
879 1901 1026 1985 profers'.
1115 1898 1166 1962 124

169 1990 343 2072 perfidus
371 1989 493 2055 Ixion.
542 1991 641 2055 moris
669 1993 745 2061 eratn
766 1990 851 2074 apud
879 1991 1032 2074 antiquos
1059 1991 1095 2052 ut
1121 1987 1165 2050 du-

131 2109 155 2147 ro
170 2079 252 2142 cturi
274 2100 390 2144 uxores
412 2081 573 2163 nuptialia
599 2101 748 2144 munera
757 2083 790 2144 et
817 2079 925 2144 dotem
952 2081 1039 2145 ultro
1063 2075 1166 2142 soceris

170 2166 293 2231 darent.
342 2167 435 2233 Ixion
462 2189 540 2253 ergo
567 2191 641 2233 cum
667 2168 767 2232 filiam
794 2167 912 2233 Eionei
941 2167 1114 2251 accepisset
1138 2163 1165 2226 in

170 2256 356 2340 coniugium
386 2261 419 2320 et
441 2257 549 2322 dotem
571 2257 694 2322 inuitus
722 2256 826 2341 daret,
855 2257 1000 2322 scrobem
1029 2256 1104 2320 fecit
1127 2253 1165 2316 in-

170 2349 309 2430 gentem,
332 2367 429 2430 quam
451 2345 526 2431 igne
549 2347 687 2431 repleuit
709 2347 790 2410 etin
805 2369 930 2411 summo
945 2343 1165 2434 leuitercinere

170 2433 321 2499 contexit.
366 2435 401 2498 in
422 2434 508 2500 hanc
530 2435 669 2520 Eiones,
696 2458 792 2519 quem
819 2436 974 2521 simulans
1003 2435 1045 2499 ad
1067 2452 1165 2498 cenam

130 2555 157 2592 ss
170 2523 375 2606 inritauerat,
398 2524 510 2589 mersit
533 2547 570 2590 ac
593 2527 638 2590 sic
661 2545 776 2609 passus
800 2528 851 2588 est
872 2525 984 2588 uiuum
1008 2522 1103 2588 exuri.
1132 2519 1165 2583 ob

169 2612 231 2678 hoc
258 2613 433 2697 perfidus
460 2613 580 2679 Ixion.
649 2615 712 2680 128
741 2613 909 2678 difficile
937 2616 997 2678 est
1023 2609 1164 2698 proprie

171 2703 386 2767 communia
410 2704 535 2768 dicere
558 2707 685 2788 tuque.
722 2724 809 2768 nunc
831 2703 969 2767 inaliud
983 2701 1161 2768 catholicum

169 2793 190 2871 †
214 2795 247 2855 ct
269 2792 361 2875 quasi
384 2793 602 2878 interrogans:
626 2796 660 2857 at
683 2793 778 2875 enim,
800 2793 962 2878 inquiunt,
984 2791 1108 2856 difficile
1124 2787 1164 2849 est

240 3027 446 3091 aquamquam
463 3038 526 3076 nos:
543 3023 690 3090 tamquam
709 3021 748 3074 M
831 3020 938 3074 3lrber
957 3023 994 3075 M
1075 3025 1161 3084 bquo·

170 3091 235 3146 dam
253 3094 336 3148 modo
355 3112 373 3162 ς
441 3096 470 3148 et
486 3094 539 3148 hoc
560 3135 565 3148 .
586 3137 591 3148 .
610 3093 770 3148 inconsulto
783 3097 849 3161 post
866 3092 983 3161 loquens
997 3095 1061 3146 ciart
1076 3092 1105 3144 io
1122 3085 1153 3138 M
1155 3103 1162 3133 -·

169 3165 234 3219 baec
252 3181 312 3218 cam
332 3165 522 3235 Porphyrioai
543 3166 728 3234 interroganti
750 3165 832 3218 tector
854 3165 1023 3232 respondisse
1040 3163 1159 3219 uideatur,

168 3238 328 3304 uaasposai
345 3243 426 3306 atque
443 3237 533 3291 deleat
602 3235 785 3306 indiligenter
803 3254 821 3305 ς
892 3241 909 3290 8
929 3236 1078 3290 scnbturus
1095 3229 1128 3283 M

171 3312 204 3360 10
223 3323 297 3360 noua
315 3309 370 3375 (ael
388 3310 501 3376 nouam)
521 3323 584 3362 uos:
601 3310 698 3361 notam
718 3308 756 3361 Μ
836 3314 868 3362 11
888 3309 1008 3362 scribtor
1026 3305 1063 3359 M
1132 3301 1158 3350 12

170 3376 358 3430 comediarum
376 3383 401 3430 et
418 3378 566 3432 scribtores
585 3379 624 3432 M
695 3385 728 3432 14
746 3377 941 3432 fabcrabrlrter
960 3378 998 3432 M
1030 3427 1032 3436 ,
1060 3369 1159 3444 agerent

169 3447 439 3512 utzagerentnrM
510 3454 543 3501 15
562 3449 702 3502 ac:'aM
780 3455 813 3502 11
833 3449 935 3504 eiiam
952 3465 1016 3503 nos.-
1033 3449 1106 3504 aaa
1124 3439 1159 3504 Μ,

168 3513 271 3566 iterum
289 3516 392 3585 Aeag
486 3524 519 3572 18
537 3522 649 3586 reponit
667 3525 693 3573 et
710 3519 854 3588 proferens
874 3521 912 3574 M
998 3526 1032 3575 20
1050 3512 1160 3584 nuptelffi

171 3582 209 3632 M
269 3588 301 3635 21
322 3601 421 3652 eponcr
436 3588 474 3640 M
491 3587 526 3652 cf.
540 3589 619 3643 schol.
635 3591 726 3658 Apoll.
746 3589 834 3645 Rbod.
855 3596 881 3657 3,
899 3596 938 3647 62
1003 3597 1035 3646 21
1049 3599 1159 3655 iniquum

187 3665 330 3718 omugrum
349 3655 387 3706 M
456 3663 600 3724 repones
619 3660 658 3712 M
727 3677 843 3715 caenam
863 3663 901 3716 M
971 3668 1005 3716 25
1025 3661 1060 3716 ab
1078 3658 1111 3714 Μ

222 3736 351 3786 propriae
372 3765 377 3775 .
398 3727 523 3792 .toqu1
542 3727 579 3792 M
650 3735 684 3785 28
703 3732 744 3785 et:
763 3732 884 3788 transit?
903 3732 934 3788 in
952 3749 1040 3801 cmg
