<?xml version="1.0" encoding="UTF-8"?>
<!DOCTYPE html PUBLIC "-//W3C//DTD XHTML 1.0 Transitional//EN"
    "http://www.w3.org/TR/xhtml1/DTD/xhtml1-transitional.dtd">
<html xmlns="http://www.w3.org/1999/xhtml" xml:lang="en" lang="en">
 <head>
  <title>
</title>
<meta http-equiv="Content-Type" content="text/html;charset=utf-8" />
  <meta name='ocr-system' content='tesseract 3.04.00' />
  <meta name='ocr-capabilities' content='ocr_page ocr_carea ocr_par ocr_line ocrx_word'/>
</head>
<body>
  <div class='ocr_page' id='page_1' title='image "./commentuminhora01porpgoog_0170.png"; bbox 0 0 2378 3934; ppageno 0'>
   <div class='ocr_carea' id='block_1_1' title="bbox 166 117 753 222">
    <p class='ocr_par' dir='ltr' id='par_1_1' title="bbox 166 117 753 222">
     <span class='ocr_line' id='line_1_1' title="bbox 166 117 753 222; baseline 0.002 -51"><span class='ocrx_word' id='word_1_1' title='bbox 166 121 229 185; x_wconf 82' lang='lat'><strong>154</strong></span> <span class='ocrx_word' id='word_1_2' title='bbox 561 117 753 222; x_wconf 62' lang='lat' dir='ltr'><strong>crocotis.</strong></span> 
     </span>
    </p>
   </div>
   <div class='ocr_carea' id='block_1_2' title="bbox 125 279 1175 2939">
    <p class='ocr_par' dir='ltr' id='par_1_2' title="bbox 125 279 1175 2939">
     <span class='ocr_line' id='line_1_2' title="bbox 162 279 1171 368; baseline -0.004 -18"><span class='ocrx_word' id='word_1_3' title='bbox 162 285 210 350; x_wconf 86' lang='lat' dir='ltr'><strong>ita</strong></span> <span class='ocrx_word' id='word_1_4' title='bbox 232 287 269 348; x_wconf 90' lang='lat' dir='ltr'><strong>ut</strong></span> <span class='ocrx_word' id='word_1_5' title='bbox 291 285 390 350; x_wconf 87' lang='lat' dir='ltr'><strong>uellet</strong></span> <span class='ocrx_word' id='word_1_6' title='bbox 412 282 554 348; x_wconf 87' lang='lat' dir='ltr'><strong>efficacia</strong></span> <span class='ocrx_word' id='word_1_7' title='bbox 569 303 647 365; x_wconf 81' lang='lat' dir='ltr'><strong>esse,</strong></span> <span class='ocrx_word' id='word_1_8' title='bbox 671 302 753 366; x_wconf 89' lang='lat' dir='ltr'><strong>quae</strong></span> <span class='ocrx_word' id='word_1_9' title='bbox 767 302 895 346; x_wconf 90' lang='lat' dir='ltr'><strong>uenena</strong></span> <span class='ocrx_word' id='word_1_10' title='bbox 907 279 1041 346; x_wconf 85' lang='lat' dir='ltr'><strong>Medeae</strong></span> <span class='ocrx_word' id='word_1_11' title='bbox 1061 289 1171 368; x_wconf 79' lang='lat' dir='ltr'>essent,</span> 
     </span>
     <span class='ocr_line' id='line_1_3' title="bbox 164 367 1168 458; baseline -0.002 -20"><span class='ocrx_word' id='word_1_12' title='bbox 164 373 281 458; x_wconf 91' lang='lat' dir='ltr'><strong>quibus</strong></span> <span class='ocrx_word' id='word_1_13' title='bbox 302 374 359 438; x_wconf 91' lang='lat' dir='ltr'><strong>illa</strong></span> <span class='ocrx_word' id='word_1_14' title='bbox 381 394 441 438; x_wconf 88' lang='lat' dir='ltr'><strong>usa</strong></span> <span class='ocrx_word' id='word_1_15' title='bbox 464 372 515 456; x_wconf 77' lang='lat' dir='ltr'><strong>sit,</strong></span> <span class='ocrx_word' id='word_1_16' title='bbox 538 392 612 436; x_wconf 90' lang='lat' dir='ltr'><strong>cum</strong></span> <span class='ocrx_word' id='word_1_17' title='bbox 635 390 668 434; x_wconf 91' lang='lat' dir='ltr'><strong>se</strong></span> <span class='ocrx_word' id='word_1_18' title='bbox 692 368 731 433; x_wconf 89' lang='lat' dir='ltr'><strong>de</strong></span> <span class='ocrx_word' id='word_1_19' title='bbox 753 369 855 453; x_wconf 86' lang='lat' dir='ltr'><strong>pelice</strong></span> <span class='ocrx_word' id='word_1_20' title='bbox 880 393 938 434; x_wconf 89' lang='lat' dir='ltr'><strong>sua</strong></span> <span class='ocrx_word' id='word_1_21' title='bbox 960 367 1084 436; x_wconf 79' lang='lat' dir='ltr'>Glauce</span> <span class='ocrx_word' id='word_1_22' title='bbox 1106 372 1168 436; x_wconf 90' lang='lat' dir='ltr'><strong>ulta</strong></span> 
     </span>
     <span class='ocr_line' id='line_1_4' title="bbox 165 459 1170 545; baseline -0.005 -16"><span class='ocrx_word' id='word_1_23' title='bbox 165 468 222 528; x_wconf 90' lang='lat' dir='ltr'><strong>est.</strong></span> <span class='ocrx_word' id='word_1_24' title='bbox 281 462 325 528; x_wconf 85' lang='lat'><strong>65</strong></span> <span class='ocrx_word' id='word_1_25' title='bbox 343 483 425 527; x_wconf 91' lang='lat' dir='ltr'><strong>cum</strong></span> <span class='ocrx_word' id='word_1_26' title='bbox 447 461 551 545; x_wconf 87' lang='lat' dir='ltr'><strong>palla</strong></span> <span class='ocrx_word' id='word_1_27' title='bbox 573 459 664 523; x_wconf 86' lang='lat' dir='ltr'><strong>tabo</strong></span> <span class='ocrx_word' id='word_1_28' title='bbox 687 479 823 522; x_wconf 88' lang='lat' dir='ltr'><strong>munus</strong></span> <span class='ocrx_word' id='word_1_29' title='bbox 846 459 1036 523; x_wconf 90' lang='lat' dir='ltr'><strong>inbutum.</strong></span> <span class='ocrx_word' id='word_1_30' title='bbox 1074 461 1170 542; x_wconf 87' lang='lat' dir='ltr'><strong>palla</strong></span> 
     </span>
     <span class='ocr_line' id='line_1_5' title="bbox 163 543 1171 636; baseline -0.004 -19"><span class='ocrx_word' id='word_1_31' title='bbox 163 573 299 617; x_wconf 91' lang='lat' dir='ltr'><strong>munus</strong></span> <span class='ocrx_word' id='word_1_32' title='bbox 334 551 440 636; x_wconf 87' lang='lat' dir='ltr'><strong>figura</strong></span> <span class='ocrx_word' id='word_1_33' title='bbox 472 551 535 634; x_wconf 82' lang='lat' dir='ltr'><strong>est,</strong></span> <span class='ocrx_word' id='word_1_34' title='bbox 570 569 652 632; x_wconf 88' lang='lat' dir='ltr'><strong>quae</strong></span> <span class='ocrx_word' id='word_1_35' title='bbox 683 543 877 630; x_wconf 75' lang='grc' dir='ltr'><em>ἑπεξήγησις</em></span> <span class='ocrx_word' id='word_1_36' title='bbox 905 549 1031 612; x_wconf 90' lang='lat' dir='ltr'><strong>dicitur.</strong></span> <span class='ocrx_word' id='word_1_37' title='bbox 1087 549 1171 614; x_wconf 88' lang='lat' dir='ltr'><strong>tabo</strong></span> 
     </span>
     <span class='ocr_line' id='line_1_6' title="bbox 137 633 1171 720; baseline -0.004 -14"><span class='ocrx_word' id='word_1_38' title='bbox 137 645 273 707; x_wconf 63' lang='lat' dir='ltr'><strong>cautem</strong></span> <span class='ocrx_word' id='word_1_39' title='bbox 295 659 383 704; x_wconf 92' lang='lat' dir='ltr'><strong>nunc</strong></span> <span class='ocrx_word' id='word_1_40' title='bbox 406 635 572 703; x_wconf 74' lang='lat' dir='ltr'><strong>‘ueneno&#39;.</strong></span> <span class='ocrx_word' id='word_1_41' title='bbox 617 635 711 702; x_wconf 90' lang='lat' dir='ltr'><strong>aliter</strong></span> <span class='ocrx_word' id='word_1_42' title='bbox 733 633 946 720; x_wconf 86' lang='lat' dir='ltr'><strong>Uergilius:</strong></span> <span class='ocrx_word' id='word_1_43' title='bbox 968 636 1070 701; x_wconf 91' lang='lat' dir='ltr'><strong>Huic</strong></span> <span class='ocrx_word' id='word_1_44' title='bbox 1093 642 1171 704; x_wconf 89' lang='lat' dir='ltr'><strong>atro</strong></span> 
     </span>
     <span class='ocr_line' id='line_1_7' title="bbox 164 723 1172 815; baseline -0.004 -21"><span class='ocrx_word' id='word_1_45' title='bbox 164 731 396 815; x_wconf 89' lang='lat' dir='ltr'><strong>linquuntur</strong></span> <span class='ocrx_word' id='word_1_46' title='bbox 432 725 620 812; x_wconf 87' lang='lat' dir='ltr'><strong>sanguine</strong></span> <span class='ocrx_word' id='word_1_47' title='bbox 657 727 793 810; x_wconf 88' lang='lat' dir='ltr'><strong>guttae</strong></span> <span class='ocrx_word' id='word_1_48' title='bbox 819 723 870 789; x_wconf 80' lang='lat' dir='ltr'><strong>Et</strong></span> <span class='ocrx_word' id='word_1_49' title='bbox 905 729 1052 790; x_wconf 89' lang='lat' dir='ltr'><strong>terram</strong></span> <span class='ocrx_word' id='word_1_50' title='bbox 1087 727 1172 790; x_wconf 89' lang='lat' dir='ltr'><strong>tabo</strong></span> 
     </span>
     <span class='ocr_line' id='line_1_8' title="bbox 164 813 1172 883; baseline -0.005 0"><span class='ocrx_word' id='word_1_51' title='bbox 164 818 340 883; x_wconf 88' lang='lat' dir='ltr'><strong>maculat.</strong></span> <span class='ocrx_word' id='word_1_52' title='bbox 408 817 450 881; x_wconf 84' lang='lat'><strong>69</strong></span> <span class='ocrx_word' id='word_1_53' title='bbox 487 814 674 880; x_wconf 73' lang='lat' dir='ltr'><strong>indormit</strong></span> <span class='ocrx_word' id='word_1_54' title='bbox 705 813 835 878; x_wconf 90' lang='lat' dir='ltr'><strong>unctis</strong></span> <span class='ocrx_word' id='word_1_55' title='bbox 868 815 1037 878; x_wconf 91' lang='lat' dir='ltr'><strong>omnium</strong></span> <span class='ocrx_word' id='word_1_56' title='bbox 1076 817 1172 878; x_wconf 92' lang='lat' dir='ltr'><strong>cubi·</strong></span> 
     </span>
     <span class='ocr_line' id='line_1_9' title="bbox 164 902 1172 988; baseline -0.004 -17"><span class='ocrx_word' id='word_1_57' title='bbox 164 907 267 971; x_wconf 90' lang='lat' dir='ltr'><strong>libus</strong></span> <span class='ocrx_word' id='word_1_58' title='bbox 291 905 489 971; x_wconf 89' lang='lat' dir='ltr'><strong>obliuione</strong></span> <span class='ocrx_word' id='word_1_59' title='bbox 511 903 703 988; x_wconf 87' lang='lat' dir='ltr'><strong>paelicum</strong></span> <span class='ocrx_word' id='word_1_60' title='bbox 726 903 914 988; x_wconf 89' lang='lat' dir='ltr'><strong>etreliqua.</strong></span> <span class='ocrx_word' id='word_1_61' title='bbox 951 902 1092 969; x_wconf 89' lang='lat' dir='ltr'><strong>obscura</strong></span> <span class='ocrx_word' id='word_1_62' title='bbox 1114 905 1172 968; x_wconf 91' lang='lat' dir='ltr'><strong>elo-</strong></span> 
     </span>
     <span class='ocr_line' id='line_1_10' title="bbox 165 991 1172 1079; baseline -0.003 -20"><span class='ocrx_word' id='word_1_63' title='bbox 165 995 266 1078; x_wconf 85' lang='lat' dir='ltr'><strong>cutio,</strong></span> <span class='ocrx_word' id='word_1_64' title='bbox 303 1015 384 1079; x_wconf 93' lang='lat' dir='ltr'><strong>quae</strong></span> <span class='ocrx_word' id='word_1_65' title='bbox 424 993 469 1058; x_wconf 91' lang='lat' dir='ltr'><strong>sio</strong></span> <span class='ocrx_word' id='word_1_66' title='bbox 505 991 684 1057; x_wconf 88' lang='lat' dir='ltr'><strong>ordinanda</strong></span> <span class='ocrx_word' id='word_1_67' title='bbox 724 993 785 1056; x_wconf 86' lang='lat' dir='ltr'><strong>est:</strong></span> <span class='ocrx_word' id='word_1_68' title='bbox 825 991 982 1056; x_wconf 76' lang='lat' dir='ltr'><strong>indormit</strong></span> <span class='ocrx_word' id='word_1_69' title='bbox 1018 992 1172 1056; x_wconf 87' lang='lat' dir='ltr'><strong>cubilibus</strong></span> 
     </span>
     <span class='ocr_line' id='line_1_11' title="bbox 125 1080 1172 1164; baseline 0.002 -22"><span class='ocrx_word' id='word_1_70' title='bbox 125 1101 151 1142; x_wconf 87' lang='lat' dir='ltr'><strong>ro</strong></span> <span class='ocrx_word' id='word_1_71' title='bbox 163 1083 270 1148; x_wconf 91' lang='lat' dir='ltr'><strong>unctis</strong></span> <span class='ocrx_word' id='word_1_72' title='bbox 303 1082 466 1148; x_wconf 89' lang='lat' dir='ltr'><strong>obliuione</strong></span> <span class='ocrx_word' id='word_1_73' title='bbox 499 1082 640 1146; x_wconf 92' lang='lat' dir='ltr'><strong>omnium</strong></span> <span class='ocrx_word' id='word_1_74' title='bbox 669 1080 836 1164; x_wconf 87' lang='lat' dir='ltr'><strong>paelicum.</strong></span> <span class='ocrx_word' id='word_1_75' title='bbox 896 1084 929 1144; x_wconf 90' lang='lat' dir='ltr'><strong>et</strong></span> <span class='ocrx_word' id='word_1_76' title='bbox 966 1083 1016 1146; x_wconf 90' lang='lat' dir='ltr'><strong>est</strong></span> <span class='ocrx_word' id='word_1_77' title='bbox 1049 1103 1172 1146; x_wconf 89' lang='lat' dir='ltr'><strong>sensus:</strong></span> 
     </span>
     <span class='ocr_line' id='line_1_12' title="bbox 164 1169 1172 1256; baseline -0.001 -20"><span class='ocrx_word' id='word_1_78' title='bbox 164 1173 273 1237; x_wconf 89' lang='lat' dir='ltr'><strong>nescio</strong></span> <span class='ocrx_word' id='word_1_79' title='bbox 297 1193 379 1256; x_wconf 88' lang='lat' dir='ltr'><strong>quae</strong></span> <span class='ocrx_word' id='word_1_80' title='bbox 399 1175 476 1235; x_wconf 89' lang='lat' dir='ltr'><strong>sunt</strong></span> <span class='ocrx_word' id='word_1_81' title='bbox 495 1170 716 1254; x_wconf 77' lang='lat' dir='ltr'><strong>praesentiora</strong></span> <span class='ocrx_word' id='word_1_82' title='bbox 733 1169 890 1233; x_wconf 89' lang='lat' dir='ltr'><strong>uenefioia</strong></span> <span class='ocrx_word' id='word_1_83' title='bbox 907 1169 1074 1254; x_wconf 72' lang='lat' dir='ltr'><strong>ueneficae,</strong></span> <span class='ocrx_word' id='word_1_84' title='bbox 1098 1193 1172 1254; x_wconf 89' lang='lat' dir='ltr'><strong>quae</strong></span> 
     </span>
     <span class='ocr_line' id='line_1_13' title="bbox 165 1258 1174 1346; baseline -0.003 -20"><span class='ocrx_word' id='word_1_85' title='bbox 165 1261 270 1326; x_wconf 82' lang='lat' dir='ltr'><strong>cubile</strong></span> <span class='ocrx_word' id='word_1_86' title='bbox 301 1261 419 1346; x_wconf 84' lang='lat' dir='ltr'><strong>unguit</strong></span> <span class='ocrx_word' id='word_1_87' title='bbox 445 1258 725 1342; x_wconf 82' lang='lat' dir='ltr'><strong>medicaminibus,</strong></span> <span class='ocrx_word' id='word_1_88' title='bbox 760 1279 818 1341; x_wconf 91' lang='lat' dir='ltr'><strong>per</strong></span> <span class='ocrx_word' id='word_1_89' title='bbox 850 1279 931 1342; x_wconf 91' lang='lat' dir='ltr'><strong>quae</strong></span> <span class='ocrx_word' id='word_1_90' title='bbox 963 1258 1174 1324; x_wconf 79' lang='lat' dir='ltr'><strong>medicamina</strong></span> 
     </span>
     <span class='ocr_line' id='line_1_14' title="bbox 165 1347 1173 1431; baseline -0.005 -15"><span class='ocrx_word' id='word_1_91' title='bbox 165 1349 287 1416; x_wconf 89' lang='lat' dir='ltr'><strong>obliuio</strong></span> <span class='ocrx_word' id='word_1_92' title='bbox 320 1350 349 1413; x_wconf 88' lang='lat' dir='ltr'><strong>ei</strong></span> <span class='ocrx_word' id='word_1_93' title='bbox 381 1349 475 1413; x_wconf 89' lang='lat' dir='ltr'><strong>datur</strong></span> <span class='ocrx_word' id='word_1_94' title='bbox 508 1348 651 1413; x_wconf 88' lang='lat' dir='ltr'><strong>omnium</strong></span> <span class='ocrx_word' id='word_1_95' title='bbox 682 1347 850 1430; x_wconf 91' lang='lat' dir='ltr'><strong>paelicum.</strong></span> <span class='ocrx_word' id='word_1_96' title='bbox 900 1347 1041 1431; x_wconf 87' lang='lat' dir='ltr'><strong>paelices</strong></span> <span class='ocrx_word' id='word_1_97' title='bbox 1073 1351 1173 1412; x_wconf 88' lang='lat' dir='ltr'><strong>autem</strong></span> 
     </span>
     <span class='ocr_line' id='line_1_15' title="bbox 166 1435 1174 1523; baseline -0.003 -20"><span class='ocrx_word' id='word_1_98' title='bbox 166 1435 302 1504; x_wconf 79' lang='lat' dir='ltr'><strong>Canidia</strong></span> <span class='ocrx_word' id='word_1_99' title='bbox 332 1459 391 1523; x_wconf 89' lang='lat' dir='ltr'><strong>pro</strong></span> <span class='ocrx_word' id='word_1_100' title='bbox 425 1459 458 1502; x_wconf 95' lang='lat' dir='ltr'><strong>se</strong></span> <span class='ocrx_word' id='word_1_101' title='bbox 488 1436 557 1501; x_wconf 89' lang='lat' dir='ltr'><strong>sola</strong></span> <span class='ocrx_word' id='word_1_102' title='bbox 580 1436 670 1501; x_wconf 83' lang='lat' dir='ltr'><strong>dixit.</strong></span> <span class='ocrx_word' id='word_1_103' title='bbox 748 1437 788 1499; x_wconf 77' lang='lat'><strong>71</strong></span> <span class='ocrx_word' id='word_1_104' title='bbox 823 1458 885 1500; x_wconf 88' lang='lat' dir='ltr'><strong>aa</strong></span> <span class='ocrx_word' id='word_1_105' title='bbox 915 1437 1070 1500; x_wconf 86' lang='lat' dir='ltr'><strong>solutus</strong></span> <span class='ocrx_word' id='word_1_106' title='bbox 1106 1459 1174 1500; x_wconf 90' lang='lat' dir='ltr'><strong>am-</strong></span> 
     </span>
     <span class='ocr_line' id='line_1_16' title="bbox 126 1524 1174 1607; baseline 0.002 -21"><span class='ocrx_word' id='word_1_107' title='bbox 126 1526 275 1592; x_wconf 80' lang='lat' dir='ltr'><strong>rsbulat</strong></span> <span class='ocrx_word' id='word_1_108' title='bbox 306 1525 505 1591; x_wconf 86' lang='lat' dir='ltr'><strong>ueneficae</strong></span> <span class='ocrx_word' id='word_1_109' title='bbox 542 1524 766 1590; x_wconf 85' lang='lat' dir='ltr'><strong>scientioris</strong></span> <span class='ocrx_word' id='word_1_110' title='bbox 798 1525 974 1588; x_wconf 86' lang='lat' dir='ltr'><strong>carmine.</strong></span> <span class='ocrx_word' id='word_1_111' title='bbox 1030 1525 1094 1590; x_wconf 88' lang='lat' dir='ltr'><strong>hoc</strong></span> <span class='ocrx_word' id='word_1_112' title='bbox 1123 1530 1174 1607; x_wconf 84' lang='lat' dir='ltr'><strong>est,</strong></span> 
     </span>
     <span class='ocr_line' id='line_1_17' title="bbox 166 1613 1172 1699; baseline -0.004 -19"><span class='ocrx_word' id='word_1_113' title='bbox 166 1613 252 1698; x_wconf 90' lang='lat' dir='ltr'><strong>quod</strong></span> <span class='ocrx_word' id='word_1_114' title='bbox 283 1615 455 1699; x_wconf 84' lang='lat' dir='ltr'><strong>ingemuit,</strong></span> <span class='ocrx_word' id='word_1_115' title='bbox 487 1614 573 1698; x_wconf 90' lang='lat' dir='ltr'><strong>quod</strong></span> <span class='ocrx_word' id='word_1_116' title='bbox 603 1613 667 1677; x_wconf 87' lang='lat' dir='ltr'><strong>alia</strong></span> <span class='ocrx_word' id='word_1_117' title='bbox 699 1613 859 1678; x_wconf 82' lang='lat' dir='ltr'><strong>scientior.</strong></span> <span class='ocrx_word' id='word_1_118' title='bbox 877 1613 1024 1678; x_wconf 88' lang='lat' dir='ltr'><strong>uenefica</strong></span> <span class='ocrx_word' id='word_1_119' title='bbox 1046 1614 1172 1678; x_wconf 84' lang='lat' dir='ltr'><strong>inuenta</strong></span> 
     </span>
     <span class='ocr_line' id='line_1_18' title="bbox 166 1702 1172 1786; baseline -0.001 -20"><span class='ocrx_word' id='word_1_120' title='bbox 166 1703 475 1786; x_wconf 88' lang='lat' dir='ltr'><strong>sitquamipsaest.</strong></span> <span class='ocrx_word' id='word_1_121' title='bbox 539 1702 581 1767; x_wconf 77' lang='lat'><strong>75</strong></span> <span class='ocrx_word' id='word_1_122' title='bbox 604 1702 727 1766; x_wconf 87' lang='lat' dir='ltr'><strong>adme</strong></span> <span class='ocrx_word' id='word_1_123' title='bbox 751 1723 927 1766; x_wconf 87' lang='lat' dir='ltr'><strong>recurres</strong></span> <span class='ocrx_word' id='word_1_124' title='bbox 950 1723 1019 1766; x_wconf 90' lang='lat' dir='ltr'><strong>nec</strong></span> <span class='ocrx_word' id='word_1_125' title='bbox 1042 1707 1172 1768; x_wconf 85' lang='lat' dir='ltr'><strong>uocata</strong></span> 
     </span>
     <span class='ocr_line' id='line_1_19' title="bbox 164 1789 1172 1856; baseline -0.002 0"><span class='ocrx_word' id='word_1_126' title='bbox 164 1812 270 1856; x_wconf 89' lang='lat' dir='ltr'><strong>mens</strong></span> <span class='ocrx_word' id='word_1_127' title='bbox 301 1795 369 1855; x_wconf 87' lang='lat' dir='ltr'><strong>tna</strong></span> <span class='ocrx_word' id='word_1_128' title='bbox 399 1789 539 1855; x_wconf 85' lang='lat' dir='ltr'><strong>Marsis</strong></span> <span class='ocrx_word' id='word_1_129' title='bbox 570 1789 715 1855; x_wconf 87' lang='lat' dir='ltr'><strong>redibit</strong></span> <span class='ocrx_word' id='word_1_130' title='bbox 744 1789 916 1856; x_wconf 88' lang='lat' dir='ltr'><strong>uocibus.</strong></span> <span class='ocrx_word' id='word_1_131' title='bbox 973 1813 1073 1856; x_wconf 88' lang='lat' dir='ltr'><strong>uoces</strong></span> <span class='ocrx_word' id='word_1_132' title='bbox 1107 1814 1172 1856; x_wconf 88' lang='lat' dir='ltr'><strong>suas</strong></span> 
     </span>
     <span class='ocr_line' id='line_1_20' title="bbox 165 1878 1173 1964; baseline -0.002 -20"><span class='ocrx_word' id='word_1_133' title='bbox 165 1878 290 1945; x_wconf 88' lang='lat' dir='ltr'><strong>Marsas</strong></span> <span class='ocrx_word' id='word_1_134' title='bbox 313 1879 391 1945; x_wconf 90' lang='lat' dir='ltr'><strong>dicit</strong></span> <span class='ocrx_word' id='word_1_135' title='bbox 414 1879 507 1963; x_wconf 89' lang='lat' dir='ltr'><strong>quasi</strong></span> <span class='ocrx_word' id='word_1_136' title='bbox 529 1879 686 1964; x_wconf 83' lang='lat' dir='ltr'><strong>magicae,</strong></span> <span class='ocrx_word' id='word_1_137' title='bbox 717 1882 755 1943; x_wconf 86' lang='lat' dir='ltr'><strong>ut</strong></span> <span class='ocrx_word' id='word_1_138' title='bbox 782 1879 825 1943; x_wconf 88' lang='lat' dir='ltr'><strong>sit</strong></span> <span class='ocrx_word' id='word_1_139' title='bbox 847 1901 975 1944; x_wconf 88' lang='lat' dir='ltr'><strong>sensus:</strong></span> <span class='ocrx_word' id='word_1_140' title='bbox 1008 1901 1102 1944; x_wconf 89' lang='lat' dir='ltr'><strong>mens</strong></span> <span class='ocrx_word' id='word_1_141' title='bbox 1124 1885 1173 1942; x_wconf 84' lang='lat' dir='ltr'><strong>tua</strong></span> 
     </span>
     <span class='ocr_line' id='line_1_21' title="bbox 126 1968 1173 2055; baseline -0.004 -21"><span class='ocrx_word' id='word_1_142' title='bbox 126 1987 154 2028; x_wconf 71' lang='lat'><strong>2⁰</strong></span> <span class='ocrx_word' id='word_1_143' title='bbox 166 1969 300 2055; x_wconf 86' lang='lat' dir='ltr'><strong>magicis</strong></span> <span class='ocrx_word' id='word_1_144' title='bbox 323 1969 404 2033; x_wconf 90' lang='lat' dir='ltr'><strong>meis</strong></span> <span class='ocrx_word' id='word_1_145' title='bbox 426 1968 560 2033; x_wconf 89' lang='lat' dir='ltr'><strong>uocibus</strong></span> <span class='ocrx_word' id='word_1_146' title='bbox 584 1969 682 2033; x_wconf 89' lang='lat' dir='ltr'><strong>semel</strong></span> <span class='ocrx_word' id='word_1_147' title='bbox 705 1971 839 2032; x_wconf 83' lang='lat' dir='ltr'><strong>euocata</strong></span> <span class='ocrx_word' id='word_1_148' title='bbox 860 1989 1040 2053; x_wconf 88' lang='lat' dir='ltr'><strong>numquam</strong></span> <span class='ocrx_word' id='word_1_149' title='bbox 1062 1968 1173 2034; x_wconf 83' lang='lat' dir='ltr'><strong>redibit</strong></span> 
     </span>
     <span class='ocr_line' id='line_1_22' title="bbox 167 2055 1175 2140; baseline -0.001 -19"><span class='ocrx_word' id='word_1_150' title='bbox 167 2058 207 2121; x_wconf 92' lang='lat' dir='ltr'><strong>ad</strong></span> <span class='ocrx_word' id='word_1_151' title='bbox 232 2059 412 2123; x_wconf 86' lang='lat' dir='ltr'><strong>sanitatem.</strong></span> <span class='ocrx_word' id='word_1_152' title='bbox 462 2060 519 2120; x_wconf 90' lang='lat' dir='ltr'><strong>aut</strong></span> <span class='ocrx_word' id='word_1_153' title='bbox 548 2056 705 2140; x_wconf 88' lang='lat' dir='ltr'><strong>numquid</strong></span> <span class='ocrx_word' id='word_1_154' title='bbox 733 2055 796 2120; x_wconf 90' lang='lat' dir='ltr'><strong>hoc</strong></span> <span class='ocrx_word' id='word_1_155' title='bbox 826 2056 917 2121; x_wconf 89' lang='lat' dir='ltr'><strong>dicit:</strong></span> <span class='ocrx_word' id='word_1_156' title='bbox 958 2076 1051 2121; x_wconf 87' lang='lat' dir='ltr'><strong>mens</strong></span> <span class='ocrx_word' id='word_1_157' title='bbox 1081 2060 1175 2121; x_wconf 84' lang='lat' dir='ltr'><strong>tuas</strong></span> 
     </span>
     <span class='ocr_line' id='line_1_23' title="bbox 166 2145 1174 2229; baseline 0 -21"><span class='ocrx_word' id='word_1_158' title='bbox 166 2167 217 2208; x_wconf 90' lang='lat' dir='ltr'><strong>me</strong></span> <span class='ocrx_word' id='word_1_159' title='bbox 235 2146 403 2209; x_wconf 89' lang='lat' dir='ltr'><strong>incantata</strong></span> <span class='ocrx_word' id='word_1_160' title='bbox 424 2167 602 2229; x_wconf 88' lang='lat' dir='ltr'><strong>numquam</strong></span> <span class='ocrx_word' id='word_1_161' title='bbox 623 2145 754 2227; x_wconf 86' lang='lat' dir='ltr'><strong>redibit,</strong></span> <span class='ocrx_word' id='word_1_162' title='bbox 782 2145 879 2209; x_wconf 88' lang='lat' dir='ltr'><strong>etiam</strong></span> <span class='ocrx_word' id='word_1_163' title='bbox 903 2146 931 2210; x_wconf 91' lang='lat' dir='ltr'><strong>si</strong></span> <span class='ocrx_word' id='word_1_164' title='bbox 953 2145 1072 2210; x_wconf 90' lang='lat' dir='ltr'><strong>Marsis</strong></span> <span class='ocrx_word' id='word_1_165' title='bbox 1094 2146 1174 2210; x_wconf 88' lang='lat' dir='ltr'><strong>uoci-</strong></span> 
     </span>
     <span class='ocr_line' id='line_1_24' title="bbox 165 2231 1174 2316; baseline 0.003 -21"><span class='ocrx_word' id='word_1_166' title='bbox 165 2232 227 2296; x_wconf 87' lang='lat' dir='ltr'><strong>bus</strong></span> <span class='ocrx_word' id='word_1_167' title='bbox 262 2232 453 2297; x_wconf 84' lang='lat' dir='ltr'><strong>reuocetur?</strong></span> <span class='ocrx_word' id='word_1_168' title='bbox 501 2231 602 2298; x_wconf 88' lang='lat' dir='ltr'><strong>Marsi</strong></span> <span class='ocrx_word' id='word_1_169' title='bbox 639 2235 748 2296; x_wconf 88' lang='lat' dir='ltr'><strong>autem</strong></span> <span class='ocrx_word' id='word_1_170' title='bbox 783 2232 880 2316; x_wconf 85' lang='lat' dir='ltr'><strong>periti</strong></span> <span class='ocrx_word' id='word_1_171' title='bbox 919 2234 1174 2298; x_wconf 89' lang='lat' dir='ltr'><strong>incantationum</strong></span> 
     </span>
     <span class='ocr_line' id='line_1_25' title="bbox 167 2319 1175 2406; baseline -0.001 -22"><span class='ocrx_word' id='word_1_172' title='bbox 167 2323 251 2384; x_wconf 89' lang='lat' dir='ltr'><strong>sunt.</strong></span> <span class='ocrx_word' id='word_1_173' title='bbox 314 2319 390 2385; x_wconf 90' lang='lat' dir='ltr'><strong>huic</strong></span> <span class='ocrx_word' id='word_1_174' title='bbox 418 2321 515 2385; x_wconf 87' lang='lat' dir='ltr'><strong>etiam</strong></span> <span class='ocrx_word' id='word_1_175' title='bbox 543 2320 590 2385; x_wconf 91' lang='lat' dir='ltr'><strong>rei</strong></span> <span class='ocrx_word' id='word_1_176' title='bbox 612 2319 813 2406; x_wconf 86' lang='lat' dir='ltr'><strong>Uergilius</strong></span> <span class='ocrx_word' id='word_1_177' title='bbox 842 2321 936 2385; x_wconf 89' lang='lat' dir='ltr'><strong>testis</strong></span> <span class='ocrx_word' id='word_1_178' title='bbox 963 2324 1026 2406; x_wconf 86' lang='lat' dir='ltr'><strong>est,</strong></span> <span class='ocrx_word' id='word_1_179' title='bbox 1063 2322 1175 2406; x_wconf 91' lang='lat' dir='ltr'><strong>quide</strong></span> 
     </span>
     <span class='ocr_line' id='line_1_26' title="bbox 127 2407 1175 2494; baseline 0.006 -27"><span class='ocrx_word' id='word_1_180' title='bbox 127 2425 153 2468; x_wconf 80' lang='lat' dir='ltr'><strong>rc</strong></span> <span class='ocrx_word' id='word_1_181' title='bbox 167 2408 246 2474; x_wconf 89' lang='lat' dir='ltr'><strong>duce</strong></span> <span class='ocrx_word' id='word_1_182' title='bbox 264 2407 445 2474; x_wconf 86' lang='lat' dir='ltr'><strong>Marsorum</strong></span> <span class='ocrx_word' id='word_1_183' title='bbox 459 2410 505 2475; x_wconf 92' lang='lat' dir='ltr'><strong>sic</strong></span> <span class='ocrx_word' id='word_1_184' title='bbox 529 2410 587 2474; x_wconf 89' lang='lat' dir='ltr'><strong>ait:</strong></span> <span class='ocrx_word' id='word_1_185' title='bbox 612 2407 801 2494; x_wconf 82' lang='lat' dir='ltr'><strong>Spargere</strong></span> <span class='ocrx_word' id='word_1_186' title='bbox 825 2410 890 2492; x_wconf 92' lang='lat' dir='ltr'><strong>qui</strong></span> <span class='ocrx_word' id='word_1_187' title='bbox 913 2429 1068 2475; x_wconf 89' lang='lat' dir='ltr'><strong>somnos</strong></span> <span class='ocrx_word' id='word_1_188' title='bbox 1091 2431 1175 2474; x_wconf 92' lang='lat' dir='ltr'><strong>can-</strong></span> 
     </span>
     <span class='ocr_line' id='line_1_27' title="bbox 167 2497 1174 2585; baseline 0.001 -24"><span class='ocrx_word' id='word_1_189' title='bbox 167 2502 283 2582; x_wconf 85' lang='lat' dir='ltr'><strong>tuque</strong></span> <span class='ocrx_word' id='word_1_190' title='bbox 319 2520 508 2585; x_wconf 90' lang='lat' dir='ltr'><strong>manuque</strong></span> <span class='ocrx_word' id='word_1_191' title='bbox 542 2498 700 2564; x_wconf 89' lang='lat' dir='ltr'><strong>solebat.</strong></span> <span class='ocrx_word' id='word_1_192' title='bbox 779 2499 820 2562; x_wconf 77' lang='grc'><strong>78</strong></span> <span class='ocrx_word' id='word_1_193' title='bbox 856 2497 1083 2562; x_wconf 82' lang='lat' dir='ltr'><strong>fastidienti</strong></span> <span class='ocrx_word' id='word_1_194' title='bbox 1114 2520 1174 2582; x_wconf 91' lang='lat' dir='ltr'><strong>po-</strong></span> 
     </span>
     <span class='ocr_line' id='line_1_28' title="bbox 168 2584 1172 2669; baseline -0.001 -17"><span class='ocrx_word' id='word_1_195' title='bbox 168 2588 300 2653; x_wconf 91' lang='lat' dir='ltr'><strong>culum.</strong></span> <span class='ocrx_word' id='word_1_196' title='bbox 344 2587 586 2652; x_wconf 86' lang='lat' dir='ltr'><strong>fastidienti:</strong></span> <span class='ocrx_word' id='word_1_197' title='bbox 610 2607 660 2650; x_wconf 92' lang='lat' dir='ltr'><strong>me</strong></span> <span class='ocrx_word' id='word_1_198' title='bbox 680 2584 810 2650; x_wconf 87' lang='lat' dir='ltr'><strong>scilicet.</strong></span> <span class='ocrx_word' id='word_1_199' title='bbox 883 2587 926 2650; x_wconf 88' lang='grc'><strong>86</strong></span> <span class='ocrx_word' id='word_1_200' title='bbox 949 2586 1057 2657; x_wconf 89' lang='lat' dir='ltr'><strong>misit</strong></span> <span class='ocrx_word' id='word_1_201' title='bbox 1080 2587 1172 2669; x_wconf 81' lang='lat' dir='ltr'><strong>Thy·</strong></span> 
     </span>
     <span class='ocr_line' id='line_1_29' title="bbox 167 2675 1173 2762; baseline -0.006 -20"><span class='ocrx_word' id='word_1_202' title='bbox 167 2680 292 2743; x_wconf 87' lang='lat' dir='ltr'><strong>esteas</strong></span> <span class='ocrx_word' id='word_1_203' title='bbox 323 2698 455 2762; x_wconf 87' lang='lat' dir='ltr'><strong>preces</strong></span> <span class='ocrx_word' id='word_1_204' title='bbox 496 2677 615 2741; x_wconf 91' lang='lat' dir='ltr'><strong>idest:</strong></span> <span class='ocrx_word' id='word_1_205' title='bbox 653 2675 739 2738; x_wconf 89' lang='lat' dir='ltr'><strong>diras</strong></span> <span class='ocrx_word' id='word_1_206' title='bbox 767 2675 1001 2749; x_wconf 85' lang='lat' dir='ltr'><strong>exsecrationes</strong></span> <span class='ocrx_word' id='word_1_207' title='bbox 1030 2676 1173 2758; x_wconf 87' lang='lat' dir='ltr'><strong>qualibus</strong></span> 
     </span>
     <span class='ocr_line' id='line_1_30' title="bbox 166 2763 1174 2852; baseline -0.003 -22"><span class='ocrx_word' id='word_1_208' title='bbox 166 2766 203 2830; x_wconf 89' lang='lat' dir='ltr'><strong>in</strong></span> <span class='ocrx_word' id='word_1_209' title='bbox 215 2767 390 2852; x_wconf 87' lang='lat' dir='ltr'><strong>tragoediis</strong></span> <span class='ocrx_word' id='word_1_210' title='bbox 403 2763 559 2850; x_wconf 84' lang='lat' dir='ltr'><strong>Thyestes</strong></span> <span class='ocrx_word' id='word_1_211' title='bbox 569 2765 705 2829; x_wconf 82' lang='lat' dir='ltr'><strong>Atreum</strong></span> <span class='ocrx_word' id='word_1_212' title='bbox 720 2767 910 2828; x_wconf 86' lang='lat' dir='ltr'><strong>exsecratur.</strong></span> <span class='ocrx_word' id='word_1_213' title='bbox 970 2764 1012 2829; x_wconf 79' lang='grc'><strong>87</strong></span> <span class='ocrx_word' id='word_1_214' title='bbox 1031 2785 1174 2828; x_wconf 85' lang='lat' dir='ltr'><strong>uenena</strong></span> 
     </span>
     <span class='ocr_line' id='line_1_31' title="bbox 127 2852 1173 2939; baseline -0.003 -22"><span class='ocrx_word' id='word_1_215' title='bbox 127 2869 154 2911; x_wconf 74' lang='lat'><strong>³⁰</strong></span> <span class='ocrx_word' id='word_1_216' title='bbox 167 2875 344 2939; x_wconf 86' lang='lat' dir='ltr'><strong>magnum</strong></span> <span class='ocrx_word' id='word_1_217' title='bbox 366 2855 426 2920; x_wconf 81' lang='lat' dir='ltr'><strong>fas</strong></span> <span class='ocrx_word' id='word_1_218' title='bbox 449 2853 635 2938; x_wconf 86' lang='lat' dir='ltr'><strong>nefasque</strong></span> <span class='ocrx_word' id='word_1_219' title='bbox 658 2874 735 2918; x_wconf 92' lang='lat' dir='ltr'><strong>non</strong></span> <span class='ocrx_word' id='word_1_220' title='bbox 762 2853 903 2917; x_wconf 90' lang='lat' dir='ltr'><strong>ualent.</strong></span> <span class='ocrx_word' id='word_1_221' title='bbox 949 2873 1105 2938; x_wconf 87' lang='lat' dir='ltr'><strong>magnum</strong></span> <span class='ocrx_word' id='word_1_222' title='bbox 1129 2852 1173 2916; x_wconf 86' lang='lat' dir='ltr'><strong>fas</strong></span> 
     </span>
    </p>
   </div>
   <div class='ocr_carea' id='block_1_3' title="bbox 240 2993 749 3075">
    <p class='ocr_par' dir='ltr' id='par_1_3' title="bbox 240 2993 749 3075">
     <span class='ocr_line' id='line_1_32' title="bbox 240 2993 749 3075; baseline 0 -29"><span class='ocrx_word' id='word_1_223' title='bbox 240 2997 256 3046; x_wconf 98' lang='grc'><strong>5</strong></span> <span class='ocrx_word' id='word_1_224' title='bbox 274 2993 342 3046; x_wconf 88' lang='lat' dir='ltr'><strong>Aen.</strong></span> <span class='ocrx_word' id='word_1_225' title='bbox 361 3001 386 3060; x_wconf 85' lang='lat'><strong>3,</strong></span> <span class='ocrx_word' id='word_1_226' title='bbox 406 3000 440 3049; x_wconf 82' lang='lat'><strong>28</strong></span> <span class='ocrx_word' id='word_1_227' title='bbox 512 2993 633 3075; x_wconf 62' lang='grc'>2511511.</span> <span class='ocrx_word' id='word_1_228' title='bbox 652 2998 677 3061; x_wconf 89' lang='lat'><strong>8,</strong></span> <span class='ocrx_word' id='word_1_229' title='bbox 698 2998 749 3047; x_wconf 85' lang='grc'><strong>754</strong></span> 
     </span>
    </p>
   </div>
   <div class='ocr_carea' id='block_1_4' title="bbox 167 3134 1172 3693">
    <p class='ocr_par' dir='ltr' id='par_1_4' title="bbox 167 3134 1172 3631">
     <span class='ocr_line' id='line_1_33' title="bbox 241 3134 1172 3204; baseline 0.001 -16"><span class='ocrx_word' id='word_1_230' title='bbox 241 3140 254 3188; x_wconf 95' lang='grc'><strong>1</strong></span> <span class='ocrx_word' id='word_1_231' title='bbox 286 3136 461 3192; x_wconf 86' lang='lat' dir='ltr'><strong>medeessent</strong></span> <span class='ocrx_word' id='word_1_232' title='bbox 493 3137 532 3190; x_wconf 90' lang='lat' dir='ltr'><strong><em>M</em></strong></span> <span class='ocrx_word' id='word_1_233' title='bbox 562 3153 648 3203; x_wconf 85' lang='lat' dir='ltr'><strong>quum</strong></span> <span class='ocrx_word' id='word_1_234' title='bbox 667 3177 673 3190; x_wconf 94' lang='lat'><strong>.</strong></span> <span class='ocrx_word' id='word_1_235' title='bbox 694 3177 699 3189; x_wconf 95' lang='lat'><strong>.</strong></span> <span class='ocrx_word' id='word_1_236' title='bbox 724 3134 780 3190; x_wconf 89' lang='lat' dir='ltr'><strong>sint</strong></span> <span class='ocrx_word' id='word_1_237' title='bbox 811 3135 968 3204; x_wconf 71' lang='lat' dir='ltr'><strong>Stephanus</strong></span> <span class='ocrx_word' id='word_1_238' title='bbox 1041 3143 1057 3190; x_wconf 76' lang='lat'><strong>2</strong></span> <span class='ocrx_word' id='word_1_239' title='bbox 1085 3137 1172 3190; x_wconf 78' lang='lat' dir='ltr'><strong>clauco</strong></span> 
     </span>
     <span class='ocr_line' id='line_1_34' title="bbox 168 3204 1171 3275; baseline 0 -17"><span class='ocrx_word' id='word_1_240' title='bbox 168 3205 208 3258; x_wconf 97' lang='lat' dir='ltr'><strong><em>M</em></strong></span> <span class='ocrx_word' id='word_1_241' title='bbox 284 3215 302 3260; x_wconf 84' lang='lat'>4</span> <span class='ocrx_word' id='word_1_242' title='bbox 333 3207 537 3264; x_wconf 73' lang='grc' dir='ltr'>5ΦΕΞΝΓΗΕΙ(</span> <span class='ocrx_word' id='word_1_243' title='bbox 557 3207 597 3260; x_wconf 86' lang='grc' dir='ltr'><em>Μ</em></span> <span class='ocrx_word' id='word_1_244' title='bbox 688 3213 703 3260; x_wconf 85' lang='grc'><strong>6</strong></span> <span class='ocrx_word' id='word_1_245' title='bbox 731 3204 878 3275; x_wconf 89' lang='lat' dir='ltr'><strong>liquuntur</strong></span> <span class='ocrx_word' id='word_1_246' title='bbox 909 3207 1003 3273; x_wconf 81' lang='lat' dir='ltr'><strong>malti,</strong></span> <span class='ocrx_word' id='word_1_247' title='bbox 1034 3207 1171 3262; x_wconf 80' lang='lat' dir='ltr'><strong>maculant</strong></span> 
     </span>
     <span class='ocr_line' id='line_1_35' title="bbox 167 3277 1136 3346; baseline 0.002 -18"><span class='ocrx_word' id='word_1_248' title='bbox 167 3291 258 3330; x_wconf 75' lang='lat' dir='ltr'><strong>omncs</strong></span> <span class='ocrx_word' id='word_1_249' title='bbox 281 3277 358 3346; x_wconf 67' lang='lat' dir='ltr'><strong>Uerg.</strong></span> <span class='ocrx_word' id='word_1_250' title='bbox 378 3280 453 3334; x_wconf 81' lang='lat' dir='ltr'><strong>codd.</strong></span> <span class='ocrx_word' id='word_1_251' title='bbox 532 3285 563 3332; x_wconf 87' lang='lat'><strong>11</strong></span> <span class='ocrx_word' id='word_1_252' title='bbox 583 3293 675 3332; x_wconf 80' lang='lat' dir='ltr'><strong>nescio</strong></span> <span class='ocrx_word' id='word_1_253' title='bbox 694 3293 750 3344; x_wconf 88' lang='lat' dir='ltr'><strong>qua</strong></span> <span class='ocrx_word' id='word_1_254' title='bbox 769 3278 808 3331; x_wconf 89' lang='lat' dir='ltr'><strong><em>M</em></strong></span> <span class='ocrx_word' id='word_1_255' title='bbox 877 3278 1018 3333; x_wconf 87' lang='lat' dir='ltr'><strong>ueneficae</strong></span> <span class='ocrx_word' id='word_1_256' title='bbox 1037 3279 1136 3333; x_wconf 75' lang='lat' dir='ltr'><strong>addidi</strong></span> 
     </span>
     <span class='ocr_line' id='line_1_36' title="bbox 170 3346 1169 3416; baseline 0.003 -20"><span class='ocrx_word' id='word_1_257' title='bbox 170 3350 203 3397; x_wconf 88' lang='grc'><strong>15</strong></span> <span class='ocrx_word' id='word_1_258' title='bbox 221 3346 405 3402; x_wconf 85' lang='lat' dir='ltr'><strong>ueneficraM</strong></span> <span class='ocrx_word' id='word_1_259' title='bbox 458 3355 491 3403; x_wconf 85' lang='grc'><strong>16</strong></span> <span class='ocrx_word' id='word_1_260' title='bbox 506 3349 549 3402; x_wconf 83' lang='grc'><strong>511</strong></span> <span class='ocrx_word' id='word_1_261' title='bbox 567 3347 635 3416; x_wconf 87' lang='lat' dir='ltr'><strong>qmd</strong></span> <span class='ocrx_word' id='word_1_262' title='bbox 651 3348 689 3401; x_wconf 93' lang='lat' dir='ltr'><strong><em>M</em></strong></span> <span class='ocrx_word' id='word_1_263' title='bbox 740 3348 929 3403; x_wconf 81' lang='lat' dir='ltr'><strong>ueneficraM</strong></span> <span class='ocrx_word' id='word_1_264' title='bbox 982 3354 1014 3402; x_wconf 81' lang='grc'><strong>17</strong></span> <span class='ocrx_word' id='word_1_265' title='bbox 1034 3365 1169 3404; x_wconf 86' lang='lat' dir='ltr'><strong>recurrens</strong></span> 
     </span>
     <span class='ocr_line' id='line_1_37' title="bbox 170 3414 1169 3487; baseline 0.004 -21"><span class='ocrx_word' id='word_1_266' title='bbox 170 3414 208 3466; x_wconf 93' lang='lat' dir='ltr'><strong><em>M</em></strong></span> <span class='ocrx_word' id='word_1_267' title='bbox 276 3420 311 3467; x_wconf 80' lang='lat'><strong>24</strong></span> <span class='ocrx_word' id='word_1_268' title='bbox 338 3419 387 3484; x_wconf 89' lang='lat' dir='ltr'><strong>qui</strong></span> <span class='ocrx_word' id='word_1_269' title='bbox 409 3419 444 3472; x_wconf 85' lang='lat' dir='ltr'><strong>de</strong></span> <span class='ocrx_word' id='word_1_270' title='bbox 463 3419 533 3472; x_wconf 88' lang='lat' dir='ltr'><strong>duce</strong></span> <span class='ocrx_word' id='word_1_271' title='bbox 551 3433 614 3471; x_wconf 79' lang='lat' dir='ltr'><strong>uos:</strong></span> <span class='ocrx_word' id='word_1_272' title='bbox 644 3435 693 3486; x_wconf 88' lang='lat' dir='ltr'><strong>qm</strong></span> <span class='ocrx_word' id='word_1_273' title='bbox 721 3418 812 3473; x_wconf 74' lang='lat' dir='ltr'><strong>edcc&amp;</strong></span> <span class='ocrx_word' id='word_1_274' title='bbox 831 3420 870 3473; x_wconf 94' lang='lat' dir='ltr'><strong><em>M</em></strong></span> <span class='ocrx_word' id='word_1_275' title='bbox 896 3419 946 3487; x_wconf 91' lang='lat' dir='ltr'><strong>qui</strong></span> <span class='ocrx_word' id='word_1_276' title='bbox 974 3419 1008 3474; x_wconf 91' lang='lat' dir='ltr'><strong>de</strong></span> <span class='ocrx_word' id='word_1_277' title='bbox 1037 3419 1169 3474; x_wconf 85' lang='lat' dir='ltr'><strong>sacerdote</strong></span> 
     </span>
     <span class='ocr_line' id='line_1_38' title="bbox 168 3483 1168 3564; baseline 0.006 -29"><span class='ocrx_word' id='word_1_278' title='bbox 168 3483 302 3564; x_wconf 74' lang='lat' dir='ltr'><strong>Hautbal.</strong></span> <span class='ocrx_word' id='word_1_279' title='bbox 338 3491 370 3539; x_wconf 82' lang='grc'><strong>111</strong></span> <span class='ocrx_word' id='word_1_280' title='bbox 393 3487 531 3556; x_wconf 68' lang='lat' dir='ltr'><strong>Uergilius</strong></span> <span class='ocrx_word' id='word_1_281' title='bbox 553 3487 697 3542; x_wconf 86' lang='lat' dir='ltr'><strong>Marrubia</strong></span> <span class='ocrx_word' id='word_1_282' title='bbox 718 3490 809 3558; x_wconf 76' lang='lat' dir='ltr'><strong>iuquit</strong></span> <span class='ocrx_word' id='word_1_283' title='bbox 831 3490 911 3544; x_wconf 89' lang='lat' dir='ltr'><strong>uenit</strong></span> <span class='ocrx_word' id='word_1_284' title='bbox 928 3490 963 3545; x_wconf 89' lang='lat' dir='ltr'><strong>de</strong></span> <span class='ocrx_word' id='word_1_285' title='bbox 986 3492 1072 3560; x_wconf 86' lang='lat' dir='ltr'><strong>gente</strong></span> <span class='ocrx_word' id='word_1_286' title='bbox 1090 3505 1168 3544; x_wconf 83' lang='lat' dir='ltr'><strong>sacer·</strong></span> 
     </span>
     <span class='ocr_line' id='line_1_39' title="bbox 169 3551 1170 3631; baseline 0.007 -27"><span class='ocrx_word' id='word_1_287' title='bbox 169 3551 231 3620; x_wconf 88' lang='lat' dir='ltr'><strong>dos,</strong></span> <span class='ocrx_word' id='word_1_288' title='bbox 259 3558 300 3606; x_wconf 78' lang='lat' dir='ltr'><strong>stc</strong></span> <span class='ocrx_word' id='word_1_289' title='bbox 318 3553 434 3611; x_wconf 65' lang='grc'>1151111111</span> <span class='ocrx_word' id='word_1_290' title='bbox 460 3558 496 3612; x_wconf 88' lang='lat' dir='ltr'><strong>ab</strong></span> <span class='ocrx_word' id='word_1_291' title='bbox 517 3557 562 3612; x_wconf 89' lang='lat' dir='ltr'><strong>his</strong></span> <span class='ocrx_word' id='word_1_292' title='bbox 584 3558 692 3614; x_wconf 89' lang='lat' dir='ltr'><strong>uenisse</strong></span> <span class='ocrx_word' id='word_1_293' title='bbox 715 3559 785 3613; x_wconf 89' lang='lat' dir='ltr'><strong>dicit</strong></span> <span class='ocrx_word' id='word_1_294' title='bbox 805 3577 863 3615; x_wconf 91' lang='lat' dir='ltr'><strong>non</strong></span> <span class='ocrx_word' id='word_1_295' title='bbox 880 3577 977 3631; x_wconf 83' lang='lat' dir='ltr'><strong>regem</strong></span> <span class='ocrx_word' id='word_1_296' title='bbox 999 3561 1050 3614; x_wconf 87' lang='lat' dir='ltr'><strong>scd</strong></span> <span class='ocrx_word' id='word_1_297' title='bbox 1072 3561 1170 3616; x_wconf 85' lang='lat' dir='ltr'><strong>ducem.</strong></span> 
     </span>
    </p>

    <p class='ocr_par' dir='ltr' id='par_1_5' title="bbox 239 3625 870 3693">
     <span class='ocr_line' id='line_1_40' title="bbox 239 3625 870 3693; baseline 0.017 -19"><span class='ocrx_word' id='word_1_298' title='bbox 239 3628 272 3676; x_wconf 80' lang='lat'><strong>26</strong></span> <span class='ocrx_word' id='word_1_299' title='bbox 291 3625 427 3693; x_wconf 87' lang='lat' dir='ltr'><strong>populum</strong></span> <span class='ocrx_word' id='word_1_300' title='bbox 445 3627 484 3680; x_wconf 92' lang='lat' dir='ltr'><strong><em>M</em></strong></span> <span class='ocrx_word' id='word_1_301' title='bbox 553 3634 587 3683; x_wconf 77' lang='lat'><strong>27</strong></span> <span class='ocrx_word' id='word_1_302' title='bbox 605 3645 658 3682; x_wconf 85' lang='lat' dir='ltr'><strong>msr</strong></span> <span class='ocrx_word' id='word_1_303' title='bbox 676 3629 811 3685; x_wconf 82' lang='lat' dir='ltr'><strong>thiesteas</strong></span> <span class='ocrx_word' id='word_1_304' title='bbox 831 3631 870 3684; x_wconf 94' lang='lat' dir='ltr'><strong><em>M</em></strong></span> 
     </span>
    </p>
   </div>
   <div class='ocr_carea' id='block_1_5' title="bbox 0 0 1194 3934">
    <p class='ocr_par' dir='ltr' id='par_1_6' title="bbox 0 0 1194 3934">
     <span class='ocr_line' id='line_1_41' title="bbox 0 0 1194 3934; baseline 0 0"><span class='ocrx_word' id='word_1_305' title='bbox 0 0 1194 3934; x_wconf 95' lang='lat' dir='ltr'><strong> </strong></span> 
     </span>
    </p>
   </div>
  </div>
 </body>
</html>
