2426 3934
175 109 241 173 296
474 109 656 164 EPISTULA
674 111 695 177 1,
716 115 759 179 ra,
779 115 893 164 raas.

174 273 298 356 illum,
328 271 396 355 qui
425 274 484 336 est
515 271 769 338 secundarum
799 293 841 336 ac
873 272 1078 337 tertiarum
1104 295 1174 356 par·

174 361 271 425 tium
294 363 327 425 et
349 363 464 426 cetera.
534 361 575 424 15
598 361 698 424 alter
720 361 873 426 rixatur
895 360 940 424 de
962 361 1176 426 1111111111-

175 449 244 532 ptio
277 449 379 516 tristis
412 453 445 514 et
467 449 548 514 duri.
607 449 650 513 de
687 449 778 512 lana
806 469 915 531 saepe
937 450 1113 533 caprina:
1144 452 1175 514 de

175 537 278 602 nihilo
307 542 379 622 aut,
414 541 452 602 ut
484 538 615 623 quidam
642 537 770 621 dicunt,
806 559 977 622 caprorum
1007 539 1093 622 pilos
1123 561 1177 602 non

148 630 301 692 ssaetam
336 626 446 692 dicens
479 649 548 692 esse
577 627 634 691 sed
665 627 784 690 lanam.
855 628 895 692 16
932 649 1004 711 pro
1042 633 1178 712 pugnat

175 714 298 800 nugis.
344 715 438 781 ordo:
469 737 528 800 pro
551 714 649 800 nugis
671 719 806 799 pugnat.
851 719 894 782 ut
921 737 1001 781 non
1025 716 1178 781 sitmihi

174 803 298 888 prima
320 803 343 868 f.
366 826 396 887 q.
419 804 570 887 mimcsis²
591 803 626 867 id
648 806 699 868 est
716 804 865 870 imitatio.
912 803 992 870 erdo
1008 807 1072 870 est:
1094 808 1178 886 ntea,

175 913 257 975 quae
280 913 355 957 uere
378 892 459 956 mihi
480 893 620 976 placent,
642 912 710 957 non
733 893 824 957 omni
844 893 997 958 libertate
1011 893 1178 971 dedendam,

177 982 267 1060 [non]
291 980 438 1046 deseram
452 982 587 1046 alteram
601 981 717 1064 uitam,
740 1003 805 1064 quo
829 982 993 1066 signifieat
1014 1004 1086 1052 non
1106 983 1176 1045 tanti

134 1090 161 1129 ιο
174 1068 280 1132 facere
302 1068 583 1152 inmortalitatem,
610 1073 648 1134 nt
670 1069 757 1153 quod
780 1071 918 1134 senserit
939 1093 1008 1136 non
1031 1070 1178 1135 defendat.

265 1157 305 1222 18
339 1159 511 1224 elatrem:
540 1159 630 1224 omni
652 1158 742 1222 rabie
764 1159 926 1223 uociferer
946 1181 987 1223 ac
1011 1157 1176 1223 defendam.

172 1247 355 1329 pretium:
402 1248 610 1312 commutatio
639 1269 700 1330 pro
733 1247 800 1312 acri
831 1247 1028 1312 liberalitate
1062 1247 1176 1312 seilicet.

173 1338 281 1400 aetas
318 1336 454 1400 altera:
490 1336 684 1400 instauratio
716 1336 804 1400 uitae
833 1339 871 1400 ut
897 1334 1014 1401 Uirbio
1046 1335 1177 1419 contigit.

174 1424 316 1489 sordet:
353 1425 427 1490 uilis
451 1428 508 1489 cst.
544 1428 578 1489 et
600 1446 729 1490 sensus:
766 1427 804 1488 ut
826 1445 888 1509 ego
910 1425 1066 1490 adsenter
1084 1425 1176 1498 alicui,

133 1533 232 1596 repro
252 1513 359 1596 pretio
383 1513 463 1578 milri
487 1514 515 1578 si
536 1515 639 1578 altera
662 1516 751 1578 astas
775 1513 994 1597 adtribuatur,
1018 1514 1176 1598 neglegam

173 1621 211 1664 ac
233 1601 396 1666 sordidam
419 1602 541 1667 ducam.
621 1602 661 1666 19
704 1601 916 1687 ambigitur
953 1601 1047 1685 quid
1081 1603 1176 1665 enim.

171 1688 259 1754 bono
282 1689 450 1754 stomacho
481 1690 638 1774 satyricos
668 1691 842 1776 respondet
873 1690 1032 1774 adhaec,
1066 1711 1175 1774 quasa

171 1777 258 1842 tristi
282 1783 314 1842 et
337 1800 446 1843 amaro
471 1779 557 1844 dieta
576 1784 661 1844 sunt.
707 1779 800 1864 ‘quid
815 1779 901 1844 enim
916 1778 1054 1864 agitur'‚
1076 1777 1175 1861 inquit,

173 1864 283 1950 ‘quare
306 1869 344 1933 tu
366 1867 511 1934 insanias
533 1869 587 1934 uel
609 1869 710 1934 facias
733 1867 921 1934 inimicum’.
983 1869 1025 1934 19
1051 1866 1174 1933 Onetor

130 1955 275 2020 resciat
297 1978 346 2022 an
367 1955 518 2023 Docilis
542 1958 638 2041 plus.
682 1957 746 2024 hoo
768 1957 815 2022 sic
833 1956 1174 2041 pronuntiandumest

171 2046 208 2108 ut
231 2045 421 2110 ostendatur
442 2047 514 2112 leue
538 2069 575 2111 ae
598 2046 845 2132 neglegendum.
891 2043 1009 2112 Castor
1033 2048 1172 2110 11111111

169 2131 293 2198 Docilis
323 2138 361 2198 ut
378 2134 462 2208 ,1111
494 2135 606 2200 dicunt
636 2135 812 2200 histriones
842 2137 921 2200 tune
948 2134 1116 2218 temporis,
1145 2141 1172 2194 ut

171 2221 239 2284 alii
262 2222 459 2306 gladiatores
481 2223 621 2290 fuerunt.
689 2224 733 2288 20
761 2221 1013 2288 Brundisium
1040 2221 1171 2288 Minuci

170 2331 211 2373 m.
247 2308 457 2376 Brundisium
490 2317 522 2376 et
539 2311 688 2378 ‘Minuma
720 2316 752 2376 et
783 2312 892 2396 Appia
928 2311 983 2376 uia
1018 2311 1174 2396 peruenire

130 2401 281 2481 rapotest
304 2399 359 2484 qui
382 2400 530 2465 uoluerit.
597 2403 639 2466 21
671 2423 781 2486 quern
809 2401 995 2470 damnosa
1022 2421 1173 2464 uenus„

169 2489 304 2554 nudat:
345 2489 546 2556 luxuriosum
568 2489 740 2575 significat.
797 2510 908 2572 quem
948 2509 1130 2572 praeceps
1150 2509 1171 2548 a.

168 2578 299 2646 nudat.
343 2580 518 2646 aleatorem
555 2578 726 2664 significat.
806 2578 850 2642 24
890 2577 1003 2642 diues
1040 2575 1171 2644 amicus

170 2689 283 2754 saepe
316 2669 444 2734 decem
476 2667 595 2734 uitiis.
640 2667 703 2732 hoc
735 2665 826 2734 dicit:
858 2665 1015 2738 uitiosum
1047 2667 1170 2732 11111111]

170 2758 318 2841 quamuis
342 2759 385 2822 sit
401 2757 555 2827 ‚uitiosior
587 2755 679 2822 diues
705 2759 817 2822 tamen
839 2776 873 2819 se
895 2753 1016 2820 habere
1038 2776 1104 2822 non
1124 2774 1169 2836 pa·

128 2874 155 2914 ae
168 2847 263 2930 titur3
286 2847 495 2911 creditenim
518 2847 599 2911 uitia
622 2868 681 2910 sua
704 2845 746 2910 ob
770 2844 900 2910 diuitias
915 2843 1031 2908 debere
1045 2839 1171 2918 tolerari,

169 2934 250 2999 uitia
272 2957 349 3001 uero
372 2935 523 3020 pauperis
547 2935 700 3000 sustineri
722 2955 790 3000 non
812 2955 923 3018 posse,
953 2955 1029 2998 cum
1050 2931 1170 2998 inferior

167 3023 379 3090 facultatibus
402 3025 523 3090 uirtute
547 3023 663 3088 debeat
686 3043 885 3107 conpensare
898 3021 1072 3086 fortunam.
1133 3017 1168 3081 25

168 3134 281 3197 saepe
314 3112 440 3178 decern
472 3112 585 3179 uitiis
622 3111 856 3176 instructior
886 3110 950 3176 hoo
979 3113 1041 3175 est:
1073 3109 1166 3173 decem

241 3367 255 3412 1
285 3359 389 3422 11Μ,·
416 3359 466 3411 aut
485 3357 541 3412 Oic.
561 3359 636 3412 codd.
655 3359 771 3413 tertuum
791 3356 830 3410 M
895 3355 1061 3411 adescrrbrt
1078 3353 1113 3408 M
1152 3353 1165 3401 1

168 3429 233 3482 haec
250 3443 314 3482 aas:
344 3428 468 3480 imitatio
493 3427 586 3482 odoris
613 3427 708 3498 &dege
735 3441 833 3482 uerum
851 3427 967 3496 placent
985 3427 1023 3480 M
1088 3431 1164 3478 anor

167 3497 257 3552 deleat
329 3501 360 3549 11
380 3497 460 3550 schol.
479 3495 517 3550 ad
535 3496 652 3551 ciatrem
665 3503 731 3566 pont
747 3497 829 3552 acted.
848 3497 886 3552 ad
902 3496 1028 3566 pretium
1044 3499 1081 3552 eet
1095 3496 1123 3548 ia
1136 3490 1165 3544 M

240 3571 271 3617 11
291 3563 432 3618 &latrem
451 3566 490 3619 M
543 3571 575 3619 12
595 3567 654 3622 eorl.
673 3567 712 3621 M
777 3573 811 3622 14
829 3567 961 3622 adsentor
977 3581 1041 3620 noe:
1066 3563 1166 3620 absente

168 3635 207 3688 M
261 3638 292 3686 17
313 3634 447 3687 saturicos
467 3634 505 3687 Μ
557 3641 592 3690 10
610 3637 663 3690 sort
682 3637 720 3690 Μ
777 3643 809 3692 31
822 3639 968 3692 snstmere
988 3638 1027 3691 M
