2426 3934
310 138 491 193 EPISTULA
508 139 543 210 11,
564 146 588 207 1,
608 145 758 194 rer-199.
973 137 1039 202 323

36 325 160 389 rumque
183 323 317 367 munera
340 301 577 386 spectabantur
654 303 716 367 187
740 323 871 367 uerum
895 301 1036 386 equitis

37 413 183 476 quoque.
243 391 318 476 quia
340 390 466 455 dixerat
492 389 553 455 his
577 391 720 474 gaudet
740 391 960 475 plebecula,
984 391 1037 455 ad-

36 481 105 544 didit
92 482 200 564 t[per
222 480 430 565 quaerellam]
454 501 512 564 per
539 475 797 564 ἐπιὸιόρθωσιν,
826 481 925 545 etiam
951 480 1037 544 locu-

36 571 125 653 pletes
146 573 180 634 et
201 569 387 635 honestos'
378 590 444 632 ram
467 572 504 634 ut
525 569 676 653 uulgarcs
699 569 855 633 musicam
878 590 1037 653 spernere.

113 658 179 724 188
211 659 382 722 incertos
415 658 555 722 oculos.
610 658 785 722 secundum
816 658 1063 742 Academicos,5

36 749 80 831 qui
101 747 300 812 contendunt
329 747 439 812 oculos
461 750 590 813 nostros
613 746 649 810 in
671 747 782 812 multis
805 746 876 812 falli
904 751 938 811 et
963 746 1036 811 ideo

35 835 147 900 nisibus
170 858 239 900 non
261 857 333 901 esse
356 835 558 917 credendum,
582 857 655 899 oum
674 836 766 900 sitin
779 835 926 921 pluribus
939 836 1035 900 rebus

36 925 140 990 certius
166 926 251 1010 quod
274 925 432 990 audiatur.
494 925 556 990 189
581 926 724 989 aulaea.
769 948 827 1010 per
850 926 963 990 aulaea
986 945 1037 990 co-

35 1014 183 1078 moediam
207 1014 379 1101 significat.
413 1017 526 1098 tropos
549 1014 756 1096 metonymia.
796 1017 1036 1099 premuntur:

35 1106 162 1187 cessant,
183 1102 401 1187 inpediuntur.
480 1101 544 1167 190
567 1102 652 1166 dum
675 1103 833 1188 fugiunt
856 1103 1036 1187 equitum.
1051 1132 1077 1171 ro

34 1188 79 1225 *²¹²
100 1192 257 1276 impedire
280 1192 438 1276 fabulam,
470 1211 511 1256 ne
540 1194 669 1277 agatur,
701 1192 778 1256 dum
807 1195 994 1276 spectantur
1016 1193 1037 1272 i

34 1281 188 1366 inuidia,
218 1280 280 1346 hoo
311 1284 362 1345 est
391 1280 467 1345 dum
496 1281 617 1365 populo
644 1280 805 1346 bellorum
829 1281 1037 1346 simulacrum

35 1374 224 1436 mouebatur
246 1373 280 1434 et
302 1371 343 1434 ad
365 1373 566 1454 postremum
585 1391 706 1454 pompa
720 1368 846 1434 ducitur
859 1368 1037 1454 triumpha-

34 1459 72 1522 lis.
134 1459 201 1524 190
224 1459 311 1523 dum
335 1458 507 1543 fugiunt:
529 1458 584 1522 hic
606 1478 718 1544 pugna
741 1458 930 1543 ostenditur,
953 1480 1038 1523 mox

34 1547 208 1614 trahitur:
230 1549 285 1613 hio
307 1547 501 1631 triumphus.
584 1547 648 1612 192
671 1548 808 1613 esseda
830 1551 907 1613 sunt
929 1545 1036 1612 Gallo·
1052 1575 1078 1615 15

35 1659 92 1701 rum
114 1637 281 1721 uehicula,
311 1637 427 1722 quibus
454 1639 622 1721 tamquam
644 1636 723 1701 uicti
745 1658 839 1723 reges
861 1636 1037 1719 uehuntur,

34 1727 185 1812 pilenta,
222 1727 338 1811 quibus
375 1725 490 1811 regina
526 1727 635 1809 eapta3
671 1727 882 1810 petorrita,
919 1725 1036 1813 quibus

34 1815 166 1880 familiae
197 1837 327 1900 regum,
356 1836 488 1899 naues,
520 1814 636 1900 quibus
663 1813 699 1879 hi
729 1815 785 1899 qui
811 1815 920 1880 nauali
949 1814 1036 1878 bello

10 1905 107 1968 Juicti.
191 1904 254 1970 193
278 1904 436 1988 captiua
459 1901 677 1969 Corinthos.
723 1907 781 1969 aut
802 1903 1037 1987 metonymicos

34 1991 200 2059 Corinthus
221 2016 283 2079 pro
305 1993 394 2060 uasis
418 1990 604 2077 Corinthiis,
626 1997 683 2056 cut
705 1993 781 2078 quia
803 1993 961 2077 imagines
981 2014 1037 2077 op·
1051 2020 1078 2061 so

10 2111 11 2130 ι
32 2083 173 2163 pilorum
186 2082 439 2165 fabricabantur,
462 2085 499 2146 ut
512 2082 547 2146 in
560 2103 680 2166 pompa
693 2081 884 2167 triumphali
897 2082 1037 2146 transire

32 2175 165 2252 possent.
223 2173 287 2236 194
311 2173 343 2236 si
366 2169 470 2236 foret
491 2171 532 2235 in
553 2171 679 2235 terris.
712 2193 786 2236 eum
803 2170 1039 2255 processissent

32 2261 59 2322 in
81 2261 249 2344 publicum
275 2260 481 2326 Democritus
511 2261 544 2324 et
570 2258 755 2326 Heraclitus
784 2259 914 2325 diuersa
940 2259 1037 2326 facie-

31 2348 109 2414 bant
164 2348 371 2414 Democritus
394 2348 412 2384 *
434 2346 452 2384 *
476 2349 562 2433 quod
583 2349 712 2413 rideret.
762 2373 840 2415 nam
863 2349 949 2435 quod
972 2353 1039 2414 stu-

31 2460 95 2520 pere
117 2440 277 2523 populum
299 2438 436 2503 uidisset
459 2441 592 2522 aspectu
614 2438 792 2522 pantherae
812 2439 948 2519 [camelo
970 2439 1038 2502 siue
1052 2465 1079 2508 ιι

32 2527 119 2592 elefas
140 2525 257 2614 albus],
279 2531 429 2592 nontam
442 2526 527 2592 ludis
543 2527 697 2592 scaenicis
712 2527 927 2592 delectaretur
941 2549 1038 2610 quam

30 2615 122 2698 ipsius
148 2617 262 2700 populi
284 2616 443 2699 uanitate,
471 2616 507 2680 in
529 2638 593 2701 qua
616 2615 705 2682 omni
727 2615 827 2681 mimo
852 2617 885 2679 et
907 2616 1038 2680 suauius

32 2709 58 2767 et
85 2706 192 2770 maius
227 2705 291 2771 sibi
321 2705 540 2790 spectaculum
567 2704 753 2790 repperiret.
847 2704 909 2769 199
942 2705 1038 2768 sori-

30 2799 156 2875 ptores
183 2799 325 2860 autem.
379 2794 499 2880 magis,
530 2793 651 2878 inquit,
682 2791 802 2857 rideret
823 2791 1040 2879 Democritus,

91 3015 107 3060 2
127 3025 178 3076 qm
197 3008 236 3061 M
317 3012 332 3059 3
351 3021 403 3074 per
421 3005 595 3074 quaerellam
613 3005 703 3060 deleat
787 3005 955 3076 suulgares
974 3023 1039 3062 uos:

30 3077 168 3147 uulgarem
186 3078 224 3132 M
305 3076 481 3132 badamreos
501 3076 539 3130 M
617 3076 754 3131 8certror
774 3075 813 3128 M
886 3076 970 3131 aulea
986 3093 1038 3160 par

29 3149 134 3204 auleam
153 3151 190 3204 M
277 3155 308 3203 11
328 3147 460 3217 impediri
477 3147 564 3202 dicit?
648 3154 680 3200 12
699 3147 796 3202 inania
812 3145 907 3215 Halm,
925 3146 1039 3202 inutilia

29 3235 79 3289 ιιι,
96 3220 233 3276 militaria
252 3219 348 3290 Pauly
439 3224 471 3274 16
489 3219 545 3273 huc
562 3218 721 3288 triumphus
741 3219 780 3272 M
858 3218 957 3272 esseda
974 3220 1040 3273 sunt

29 3307 84 3345 uos:
102 3293 214 3347 essedas
234 3292 272 3346 M
328 3237 386 3346 ylo
404 3292 516 3345 tantum
534 3289 687 3344 Fabricius
759 3296 792 3344 17
810 3291 912 3344 tomta
931 3289 970 3342 M

30 3381 78 3430 qua
95 3363 222 3418 famrhae
242 3364 281 3419 M
351 3368 386 3416 20
405 3361 548 3417 corinthus
567 3377 630 3416 uos:
649 3361 780 3416 corinthii
800 3360 839 3414 M
919 3377 1040 3431 imagini

30 3450 80 3489 ιιιιι
99 3435 140 3488 M
205 3441 255 3490 ιι
274 3435 392 3504 possent
411 3433 519 3504 Pauly:
536 3435 647 3504 possint
666 3433 704 3487 M
778 3439 811 3487 23
829 3432 970 3487 fatiebant
989 3434 1037 3498 M
1034 3452 1040 3465 ·

30 3507 126 3560 eradit
141 3503 268 3561 narratio
287 3507 320 3561 de
337 3505 493 3559 Democrito
513 3505 619 3559 ridente
636 3508 661 3557 et
679 3505 712 3558 de
728 3505 808 3572 flecto
826 3503 969 3559 Heraclito

31 3577 164 3647 ιιᾳιιοιιι
182 3578 243 3646 εις
312 3582 346 3631 25
364 3575 504 3646 panthera
523 3575 571 3643 M;
590 3581 836 3645 quaeroquaero
854 3576 942 3631 deleat
1006 3581 1039 3628 27

30 3650 178 3704 uamtatem
197 3650 237 3702 M
307 3654 341 3703 29
358 3647 451 3702 rrdere
471 3648 508 3700 M
940 3685 943 3692 .

769 3736 833 3804 ιιιΙ
