2416 3934
443 145 516 200 ons
534 147 582 216 m,
603 152 628 200 1.
1003 145 1045 209 87

48 313 124 396 uidi,
149 311 258 395 inquit,
285 311 307 390 †
336 269 518 374 sacerdotes
545 308 673 374 Poenos
701 331 797 395 agros
826 332 900 374 suos
931 311 1044 394 colere,

47 401 100 485 qui
123 400 184 486 agri
203 401 268 464 iam
291 421 312 462 a
334 399 429 463 nobis
452 401 528 462 ante
542 397 673 462 fuerant
690 399 819 463 uastati.
887 398 931 463 25
954 421 1045 464 auro

44 512 217 574 repensus
249 488 404 552 scilicet
431 488 557 552 acrior
579 488 690 552 miles
713 487 865 552 redibit.
932 488 1046 571 ironia,

44 581 131 642 cuius
152 600 258 642 sensus
287 580 352 641 est:
388 577 539 642 uidelicet
568 576 686 642 fortior
714 576 859 661 prodibit
889 577 981 641 miles
1010 577 1046 640 in

42 687 177 752 pugnam
198 667 303 750 pretio
325 666 520 750 redemptus.
567 665 653 750 quod
677 666 840 750 significat
860 687 930 730 non
951 679 1073 750 posse⁶

42 756 160 820 fortiter
181 756 217 818 in
239 755 308 820 acie
336 758 421 820 stare
443 756 593 837 militem,
626 756 680 838 qui
699 755 990 819 didiceritmictum
1014 777 1047 818 se

41 866 131 928 posse
147 845 265 908 uiuere.
333 843 377 908 26
399 844 557 929 flagitio
581 843 727 908 additis
750 844 936 908 damnum.
980 847 1047 908 tur-

40 933 180 1017 pitudini,
202 934 320 1017 inquit,
341 931 517 1017 Romanae,
540 954 621 1016 quae
644 954 702 1016 per
723 933 890 1018 ignauiam
908 934 1049 998 militum

40 1023 161 1105 accidit,
183 1023 319 1106 insuper
341 1044 399 1088 uos
423 1022 600 1107 adiungitis
615 1022 770 1087 damnum
792 1023 962 1107 pecuniae,
985 1045 1049 1107 qua

40 1133 89 1176 eos
112 1111 268 1176 redimere
295 1111 403 1176 uultis.
485 1111 527 1175 27
558 1132 681 1195 neque
709 1113 872 1179 amissos
896 1113 1045 1177 colores
1060 1126 1086 1166 10

38 1202 123 1264 lana
143 1199 268 1264 refert
290 1199 480 1264 medicata
501 1199 599 1265 fuco.
667 1203 705 1264 ut
727 1201 817 1284 lana,
839 1201 958 1286 inquit,
981 1222 1048 1264 me-

38 1289 138 1353 dicata
159 1289 194 1353 id
218 1293 269 1354 est
289 1289 411 1353 infecta
432 1310 610 1373 numquam
634 1289 675 1352 ad
697 1290 872 1373 pristinum
895 1289 979 1352 redit
997 1311 1048 1354 co-

37 1379 145 1461 lorem,
176 1379 226 1442 ita
257 1379 351 1442 miles
381 1378 514 1442 inbutus
544 1378 625 1443 uitio
659 1379 858 1461 captiuitatis
887 1399 956 1442 non
988 1378 1050 1442 erit

36 1468 133 1531 fortis.
204 1467 248 1531 34
272 1468 309 1530 et
331 1465 459 1531 Marte
477 1465 628 1532 Poenos
656 1471 832 1551 proteret
859 1468 981 1531 altero
1015 1466 1048 1530 id

36 1561 90 1619 est:
113 1557 145 1622 si
165 1557 287 1620 iterum
311 1556 506 1621 constitutus
529 1556 570 1620 ad
593 1577 738 1641 pugnam
760 1555 864 1621 hostis
882 1555 1046 1639 prodierit.
1062 1569 1088 1610 1⁵

118 1645 161 1709 37
187 1643 250 1708 hic
277 1645 377 1708 unde
400 1645 521 1708 uitam
549 1648 715 1710 sumeret
742 1646 890 1710 inscius
918 1666 1049 1728 pacem

37 1734 161 1798 duello
185 1731 352 1797 miscuit.
398 1755 471 1797 cum
494 1733 633 1817 deberet,
664 1734 780 1818 inquit,
802 1734 905 1798 uitam
927 1734 1048 1798 uirtute

36 1826 126 1906 atque
152 1822 253 1886 armis
277 1843 442 1907 quaerere,
466 1823 628 1887 commisit
650 1844 684 1888 se
707 1823 869 1905 hostibus,
902 1823 947 1886 sie
971 1843 1048 1907 ergo

34 1933 142 1994 pacem
165 1911 254 1975 bello
273 1910 411 1975 miscuit.
479 1911 522 1975 39
547 1933 719 1997 omagna
741 1909 938 1996 Carthago
962 1932 1048 1993 pro-

35 2001 158 2064 brosis
186 2000 309 2065 altior
337 2000 497 2081 [ruinis]
525 1999 667 2065 Italiae
694 2001 829 2066 ruinis.
885 2000 931 2064 sic
954 2013 1089 2065 uoce-20

34 2090 125 2154 batur
151 2087 319 2174 Carthago
343 2109 480 2175 magna,
495 2112 592 2173 quam
616 2091 662 2155 ait
679 2089 833 2154 dedecore
857 2092 890 2153 et
911 2091 932 2168 †
955 2089 1049 2153 donis

34 2180 121 2243 malis
147 2177 374 2243 Romanorum
396 2179 546 2244 altiorem
567 2179 696 2243 factam.
773 2179 815 2242 41
840 2178 964 2243 fertur
986 2201 1050 2263 pu-

34 2268 138 2332 dicae
179 2267 361 2352 coniugis
398 2269 570 2332 osculum
606 2290 827 2352 paruosque
863 2271 976 2333 natos
1008 2271 1051 2332 ut

34 2356 175 2441 capitis
209 2356 334 2421 minor
365 2357 410 2420 ab
443 2379 482 2421 se
511 2358 731 2421 remouisse.
778 2357 966 2421 adfirmatur
987 2355 1050 2421 Re-

35 2447 140 2530 gulus,
169 2467 245 2510 cum
267 2445 406 2510 Romam
430 2445 578 2530 captiuus
602 2445 759 2512 adductus
783 2450 867 2512 esset
890 2445 1050 2530 aPoenis,
1063 2457 1090 2499 4⁵

34 2538 202 2600 auersatus
225 2534 336 2598 uxoris
360 2535 504 2599 osculum
518 2535 637 2620 dicens,
659 2535 868 2601 inhonestum
882 2539 1050 2599 matronae

35 2645 92 2688 esse
129 2645 225 2707 eum,
257 2623 313 2706 qui
345 2623 388 2687 sit
416 2623 569 2688 infamiae
596 2625 794 2708 captiuitatis
823 2624 994 2688 damnatus
1017 2622 1050 2686 id

35 2717 73 2776 est
96 2733 220 2778 seruus
242 2711 362 2796 iactus,
384 2713 537 2777 maritum
559 2734 743 2798 agnoscere.
788 2713 870 2776 bene
895 2733 971 2796 ergo
995 2710 1050 2774 ad-

36 2801 132 2866 ditum
168 2801 336 2886 pudicae
373 2801 565 2887 coniugis,
604 2824 645 2866 ne
682 2807 813 2888 putares
848 2802 941 2869 illum
976 2800 1049 2866 ideo

37 2893 176 2956 osculum
203 2890 352 2974 coniugis
375 2894 573 2975 auersatum,
605 2891 692 2976 quod
723 2891 762 2956 de
794 2890 950 2975 pudicitia
982 2890 1050 2954 eius
1064 2910 1091 2950 eo

37 2981 172 3064 iniquius
199 2979 363 3044 sensisset.
437 2981 482 3044 44
519 2984 555 3044 et
590 2980 738 3045 uirilem
774 2984 909 3045 toruus
946 2979 1051 3044 humi

37 3071 214 3150 posuisse
242 3069 401 3133 uultum.
446 3069 566 3153 idest,
597 3070 638 3132 ad
661 3070 795 3136 humum
818 3071 943 3133 uultum
967 3069 1050 3132 deie-

38 3159 117 3224 cisse.
170 3157 303 3222 uirilem
327 3161 435 3222 autem
458 3159 584 3222 uultum
608 3159 648 3222 ad
672 3159 827 3223 uirtutem
851 3158 950 3222 animi
974 3157 1051 3241 eius,

100 3324 114 3370 1
135 3315 217 3370 uidi:
237 3314 286 3368 odi
301 3315 339 3368 M
400 3315 558 3370 sacerdotes
580 3331 630 3369 om.
651 3335 681 3385 ς,
705 3317 858 3370 senatores!
877 3316 1050 3369 0111100101

40 3403 78 3440 uos
170 3387 335 3441 3hrroma
367 3386 405 3440 M
497 3387 748 3456 tturprtudmem
780 3388 875 3456 inquit
905 3401 1050 3441 romanam

40 3473 116 3527 aeque
136 3459 179 3512 M
245 3463 408 3526 9quas1eos
428 3458 466 3511 M
529 3465 562 3512 10
582 3475 728 3512 1101111101
748 3458 786 3510 M
848 3465 880 3510 11
899 3457 997 3510 lanata
1013 3456 1053 3508 M

100 3537 133 3585 14
158 3531 282 3600 propter
300 3529 323 3584 11
342 3529 381 3582 M
464 3534 497 3582 15
521 3528 661 3582 siaddidi
752 3535 784 3582 17
803 3527 878 3581 bello
899 3527 937 3578 M
1015 3530 1047 3576 21

42 3603 164 3672 10111ς,
216 3607 251 3655 31
270 3617 381 3670 imquus
401 3601 439 3654 M
509 3607 543 3654 31
562 3599 687 3653 3011010.
707 3597 891 3666 4100111111.
911 3613 937 3676 a,
957 3599 992 3674 45
1011 3598 1052 3644 est

44 3673 65 3726 ir
82 3677 117 3730 M
199 3678 233 3730 32
253 3671 283 3730 id
302 3675 345 3731 est
362 3672 398 3730 ad
416 3673 443 3727 h.
463 3671 575 3727 uultum
593 3671 717 3729 01211
736 3670 774 3721 M
789 3685 810 3722 1.
831 3668 848 3720 l.
868 3664 978 3718 0111111111
