2416 3934
476 88 692 160 nnnnnarro.
1041 89 1094 144 vn

66 251 290 337 Porphyrion.
329 251 524 337 Programm
547 251 602 316 des
625 249 1091 336 Maximilians-Gymnasiums

66 344 102 406 in
124 339 324 428 Mainalion),
356 340 536 424 bibliopola
557 340 738 405 clarissimo
763 344 895 406 auctore
920 342 1005 407 hane
1028 341 1093 406 edi-

66 432 198 498 tionem
219 431 345 516 paraui.

159 519 210 584 Et
233 542 276 584 ex
291 519 492 585 codicibus
516 519 645 603 quidem
662 517 890 610 Monesensem
909 515 988 608 (M),
1006 519 1094 584 iuter

67 611 199 676 latinos
224 631 278 675 no.
309 610 381 675 181.
409 607 454 674 2⁰.
482 631 506 674 s.
531 607 572 672 X
600 608 645 673 50
671 607 838 693 foliorum,
865 609 949 695 elegi
981 631 1091 674 seeun-

69 699 149 763 dum
171 720 273 783 quem
295 698 531 782 Porphyrionis
554 697 655 762 uerba
678 697 917 762 constituerem.
952 698 1092 762 maxime

68 791 186 853 autem
218 787 399 871 deprauata
431 790 507 852 sunt
537 786 573 852 in
602 786 666 852 hoo
698 786 816 851 oodiee.
873 808 970 871 saepe
1006 788 1092 851 enim

66 879 188 942 literae
213 880 273 940 aut
292 877 394 940 uerba
417 880 560 960 mutata,
583 877 800 961 transposita,
829 876 959 961 omissa,
982 875 1093 940 addita

68 970 157 1032 sunt
208 964 328 1030 deinde
347 987 387 1030 en
409 965 618 1050 conpluribus
646 965 750 1052 signis
772 967 910 1050 apparet
933 986 1092 1030 commen·

67 1056 176 1120 tarios
211 1055 302 1138 prius
335 1055 370 1118 in
400 1055 548 1139 margine
585 1054 764 1119 carminum
798 1052 930 1120 Horatii
965 1056 1092 1138 positos

64 1146 176 1208 multo
208 1145 286 1227 post
309 1143 352 1208 ab
378 1143 565 1227 imprudenti
586 1143 718 1209 homine
746 1146 916 1227 separatos
938 1164 1018 1208 esse.
1062 1144 1092 1209 is

63 1233 179 1298 multa
211 1232 338 1298 scholia
363 1233 584 1317 transposuit,
601 1236 674 1297 tum
701 1232 860 1318 quaedam
882 1232 1011 1296 uidetur
1034 1233 1092 1297 mi·

63 1323 196 1388 senisse
225 1321 280 1408 (of.
307 1321 337 1386 E
365 1322 400 1408 2,
434 1324 466 1406 1,
491 1324 523 1406 13
551 1322 603 1386 23.
653 1321 684 1386 Α
716 1320 788 1408 50),
820 1326 986 1405 postremo
1020 1342 1093 1385 oum

62 1412 161 1496 prius
193 1411 319 1476 scholia
347 1433 421 1476 eum
446 1411 594 1476 uersibus
622 1411 796 1478 coniuncta
822 1432 893 1476 esse
920 1411 1093 1474 uideantur

62 1502 175 1566 literis
207 1500 261 1564 uel
291 1500 408 1585 figuris
430 1498 671 1588 quibusdem*)‚
701 1501 756 1564 ille
779 1500 916 1564 inseruit
938 1500 1094 1565 lemmata

64 1612 168 1674 saepe
199 1589 323 1673 inepta.
372 1589 453 1654 haee
479 1589 649 1676 lemmata,
677 1611 758 1674 quae
785 1611 852 1654 non
879 1593 988 1654 essent
1014 1587 1092 1655 Por-

65 1678 262 1762 phymata,
289 1678 360 1762 ipse
388 1677 532 1743 editurus
555 1701 657 1763 aeque
679 1678 835 1745 mendosa
863 1700 900 1742 ee
927 1679 962 1742 in.
984 1677 1092 1743 oodiee

64 1769 111 1832 M
136 1768 267 1851 scripta
294 1771 383 1852 sunt,
415 1767 686 1834 intersedentibus
719 1768 798 1832 uiris
828 1767 931 1833 doctis
968 1767 1093 1832 correxi

62 1857 205 1922 inuitus.

158 1945 255 2022 Quae
284 1967 403 2031 genera
430 1946 584 2010 uitiorum
610 1947 646 2010 in
670 1945 781 2010 libello
809 1944 866 2010 illo
896 1945 1091 2010 scholastico

61 2035 313 2118 demonstraui3
345 2039 449 2100 restat
479 2057 580 2100 unum
611 2035 701 2100 euius
737 2034 820 2098 mira
856 2035 1004 2118 exempla
1039 2032 1093 2098 hie

59 2147 204 2208 ponam.
250 2124 318 2187 iam
344 2123 386 2188 H.
409 2122 592 2209 Stephanus
620 2123 850 2189 animaduertit
879 2121 948 2188 ‘EO
973 2123 1003 2208 5,
1028 2123 1091 2188 101

58 2221 92 2279 et
115 2215 213 2278 bene
236 2211 394 2296 ἐμπαθῶς
416 2213 449 2277 id
472 2217 522 2279 est
540 2215 686 2279 dolenter
708 2214 799 2278 iuxta
820 2215 992 2296 parentum
1006 2233 1093 2277 eom-

57 2302 345 2368 memorationem
372 2303 511 2388 gemitus
538 2304 680 2368 insertus
708 2306 770 2368 est:
796 2302 869 2367 heu.
897 2337 939 2348 -
963 2323 1093 2367 curasse

56 2391 338 2476 Porphyrionem
376 2392 493 2456 talium
533 2392 767 2458 uocabulorum
808 2390 1092 2475 interpretationes

56 2481 202 2567 addere,
227 2477 420 2563 persuadere
443 2481 525 2546 mihi
547 2481 602 2546 uix
626 2502 716 2566 quen.
762 2480 878 2566 quodsi
899 2483 1010 2544 tamen
1038 2477 1092 2564 ἐμ-

54 2571 189 2647 παθῶς
229 2569 388 2634 uoluisset
422 2569 539 2635 Latine
574 2569 720 2654 reddere,
762 2570 857 2635 aliter
892 2568 1093 2633 redditurum

54 2662 186 2744 finisse,
216 2658 251 2722 id
277 2681 355 2724 nero
382 2660 479 2743 plane
507 2681 699 2744 persuasum
730 2657 859 2725 habeo'.
912 2659 992 2722 haee
1023 2655 1092 2721 Ste-

53 2751 201 2834 phanus
232 2747 420 2814 restissime.
466 2771 508 2814 an
535 2749 612 2832 quid
637 2749 740 2813 fanias
764 2748 803 2812 de
827 2746 950 2812 scholio
972 2745 1045 2810 illo:
1069 2743 1092 2810 S

56 2845 88 2924 1,
132 2839 196 2923 10,
233 2837 276 2902 21
310 2859 328 2902 o
362 2839 439 2903 seri
467 2837 696 2903 studiorum:
725 2831 940 2921 ὀψιμαθεῖς
966 2835 1006 2900 id
1033 2837 1093 2900 est

55 2929 125 3013 qui
156 2925 284 2992 uultu
312 2925 416 2992 dooti
443 2928 536 3014 sint,
564 2949 607 2992 an
633 2928 698 2992 illis
725 2925 784 2992 ΕΟ
814 2926 849 3012 5,
876 2926 918 2992 47
943 2946 1012 3010 pro
1035 2926 1094 2991 rei

54 3016 293 3082 atrocitate
321 3015 416 3081 mira
449 3016 544 3082 haee
576 3017 676 3082 idem
707 3017 888 3100 positura
921 3014 1094 3100 epithesi

54 3107 314 3192 asperantur
337 3108 370 3169 et
392 3105 426 3191 5,
453 3107 495 3171 37
518 3128 618 3171 nuno
641 3106 797 3170 uidetur
818 3105 978 3170 reddere
1002 3127 1093 3170 oau-

1 3247 2 3272 ,
54 3219 144 3262 sam
168 3193 283 3260 tanti
305 3193 504 3260 facinoris.
550 3194 743 3279 epithesis
767 3194 857 3262 dolo
879 3195 980 3260 malo
1003 3216 1093 3260 oon-

1 3289 2 3322 *
55 3289 212 3350 situtae
261 3303 339 3370 ergo
363 3284 571 3350 manifestim
594 3287 644 3348 est
661 3284 945 3370 interpretationes
960 3282 1093 3348 Graecis

55 3376 209 3442 uocibus
235 3371 404 3455 adpositas
425 3378 542 3457 postea
565 3373 697 3438 soholiis
720 3373 859 3440 insertas
883 3393 962 3436 esse.
998 3372 1093 3435 multi

132 3535 160 3604 ²¹³)
182 3531 312 3586 fortasse
331 3547 366 3585 ex
384 3530 464 3602 signo
482 3551 502 3605 q
520 3533 619 3602 natum
640 3534 683 3586 est
703 3529 800 3600 ‘quod'
822 3527 840 3582 S
861 3532 929 3596 1,1,
949 3531 991 3578 14.
1027 3525 1051 3577 E
1067 3532 1091 3592 2,

58 3615 81 3674 1,
109 3611 179 3660 110.
226 3601 298 3672 ‘qui'
323 3602 346 3656 Ε
373 3609 401 3672 1,
425 3609 471 3673 18,
495 3609 537 3658 39.
576 3601 760 3672 “qnia'01‚
784 3605 830 3667 13,
856 3605 881 3652 6.
918 3595 985 3662 03,
1004 3601 1029 3662 4,
1049 3601 1091 3647 66.

59 3678 92 3730 of.
115 3671 277 3758 Woelfflin
294 3673 401 3744 proleg.
421 3675 457 3728 ad
474 3673 628 3730 Publilium
643 3692 674 3744 p.
693 3671 766 3726 XVI.
