2378 3934
152 122 195 186 90
526 118 599 174 ODE
618 119 664 187 ΙΠ,
684 125 699 172 6
720 120 750 172 et
769 123 792 172 7.

151 287 321 351 arbitrium
339 305 450 350 carum
469 285 688 369 operarentur.
767 282 811 346 43
835 282 995 346 amicum
1019 285 1159 364 tempus

152 396 270 461 agens
307 397 348 438 a:
385 372 609 438 laborantibus
641 371 765 436 scilicet
797 371 920 453 [etiam]
954 371 1094 434 amicum
1121 370 1156 434 ob

152 463 381 546 capessendam
419 462 566 546 quietem.
657 459 701 525 45
739 461 921 525 damnosa
962 459 1055 544 quid
1089 480 1156 522 nou

152 553 336 617 inminuit
360 552 449 616 dies.
493 550 555 615 hoc
577 549 650 614 idco
675 550 805 634 dicitur,
838 548 991 632 quoniam
1013 547 1157 612 uidentur

125 641 262 707 comnia
284 662 341 725 per
364 660 550 725 processum
571 640 755 722 temporum
777 639 813 702 in
836 639 975 714 deterius
998 637 1075 702 labi.

152 730 196 795 46
229 734 336 794 aetas
372 731 575 813 parentum
606 728 715 812 peior
748 727 832 792 auis
869 728 963 791 tulit
999 748 1072 790 nos
1103 723 1178 789 nel

154 821 307 903 quiores
343 840 427 883 mox
463 817 881 902 daturos'prcgeniem
913 815 1178 880 uitiosiorem.³

155 905 357 993 [damnosam
379 903 458 992 rem]
483 905 565 970 mira
587 905 744 971 facilitate
768 909 800 969 et
819 905 979 968 breuitate
1004 906 1178 985 [successu

152 999 335 1079 temporum
363 995 503 1060 deterius
530 995 605 1059 labi.
634 998 694 1059 aet.
717 1018 748 1078 p.
771 995 816 1078 p]
864 1015 1029 1058 successus
1061 996 1093 1056 et
1119 1015 1178 1056 or*

113 1105 139 1145 ιο
154 1083 262 1148 dinem
284 1085 489 1150 nascentium
512 1083 672 1167 explicuit.
1177 1119 1178 1126 .

583 1274 655 1330 oon
675 1281 701 1345 3,
721 1281 745 1331 r.

242 1385 295 1450 Ad
314 1386 473 1452 Asterien.
520 1385 610 1470 quid
641 1385 716 1450 fles
749 1384 907 1449 Asteria
930 1382 968 1448 G.
1013 1377 1178 1470 hacpidp

154 1476 341 1540 consolatur
363 1477 504 1559 puellam
527 1474 683 1539 desiderio
712 1473 859 1558 coniugis
883 1473 933 1538 sui
956 1474 1115 1536 maestam
1136 1477 1178 1535 et

155 1563 250 1627 simul
279 1568 403 1648 monet,
434 1587 476 1628 ne
506 1563 640 1628 alicuius
671 1562 887 1626 adulescentis
917 1561 1086 1626 blanditiis
1113 1566 1178 1625 cut

115 1669 141 1709 15
155 1651 260 1733 specie
282 1651 354 1734 ipsa
378 1653 532 1736 capiatur.
578 1654 611 1715 et
634 1654 683 1715 est
706 1651 798 1716 ordo:
831 1650 910 1736 quid
933 1651 1005 1736 fles,
1032 1650 1178 1732 Asteria,¹

154 1736 270 1824 Gygen
294 1760 388 1822 quem
411 1741 471 1806 tibi
494 1740 666 1804 restituent
679 1739 817 1805 Fauonii
836 1741 941 1824 primo
961 1761 1037 1804 uere
1052 1738 1161 1822 Thyna
1177 1749 1178 1814 ζ

153 1827 413 1894 mercabeatum.
489 1829 510 1893 3
533 1827 667 1912 Thyna
691 1850 812 1893 merce
835 1829 998 1894 beatum.
1034 1827 1178 1911 Bithyni]

153 1915 256 1981 iuncti
279 1922 356 1983 sunt
378 1917 512 2004 Thynis.
559 1921 696 2002 utraque
724 1921 832 1982 autem
861 1939 941 2004 gens
964 1916 1071 1982 Ponto
1095 1911 1178 1982 con-³

154 2004 229 2070 finis
252 2011 311 2071 est.
378 2008 399 2073 5
421 2009 488 2073 ille
511 2004 626 2073 Notis
649 2009 760 2071 actus
783 2007 829 2071 ad
848 2005 1009 2072 Oricum.
1054 2005 1162 2070 Notis

114 2113 141 2153 rc
154 2116 218 2176 pro
239 2096 435 2178 quibuslibet
458 2097 565 2163 uentis
589 2096 710 2161 dictum
734 2099 791 2161 est.
869 2097 889 2160 6
921 2099 1010 2179 post
1032 2095 1178 2168 insana

155 2203 292 2265 caprae
323 2185 459 2249 sidera.
503 2185 634 2251 Haedos
658 2184 786 2250 uidetur
810 2184 1004 2270 significare,
1033 2173 1178 2268 quorumf

156 2273 246 2334 ortus
283 2276 316 2336 et
352 2294 484 2338 occasus
521 2275 686 2340 concitant
716 2277 935 2359 tempestates.
989 2274 1106 2339 horum
1137 2279 1165 2336 ct

155 2356 357 2444 Uergilius
396 2363 544 2427 meminit
585 2363 693 2428 diceus
735 2361 910 2438 Quantus
947 2363 993 2426 ab
1030 2371 1178 2427 occasu?

156 2449 316 2514 ueniens
352 2450 592 2534 pluuialibus
630 2451 772 2516 Haedis
809 2449 1006 2516 Uerberat
1050 2452 1165 2515 imber

115 2551 141 2592 25
155 2535 316 2602 humum.
385 2541 405 2604 6
428 2540 593 2627 frigidas
617 2540 736 2625 duplici
759 2540 856 2605 modo
871 2541 979 2625 accipe
994 2543 1026 2604 ct
1039 2544 1165 2624 propter

156 2625 304 2713 hiemem,
327 2650 390 2712 qua
413 2650 546 2715 peregre
568 2630 734 2713 retinetur,
757 2632 790 2692 et
807 2634 941 2714 propter
955 2629 1165 2695 solitudinem.

246 2717 266 2780 9
299 2718 406 2801 atqui
438 2718 634 2783 sollicitae
666 2717 825 2782 nuntius
858 2719 1047 2802 hospitae.
1092 2717 1164 2782 dicit

157 2803 271 2890 Gygen
309 2806 349 2870 ab
381 2807 512 2891 hospita
544 2805 645 2872 Ohloe
678 2807 779 2871 amari
811 2811 844 2871 et
875 2808 916 2871 ab
950 2831 988 2872 ea
1018 2807 1164 2872 nuntium

157 2895 275 2964 amoris
295 2894 335 2960 ad
350 2915 423 2961 eum
446 2897 542 2976 mitti.
612 2896 653 2960 10
676 2899 712 2960 et
735 2895 912 2960 miseram
935 2898 1014 2962 tuis
1038 2897 1164 2962 dicens

227 3103 260 3152 23
280 3099 349 3154 Aen.
369 3099 393 3170 o,
414 3099 473 3156 cca.

160 3227 275 3234 ——.---.

227 3294 348 3348 2etiam
367 3295 455 3350 deleat
527 3299 688 3366 3qu1etam
708 3300 744 3352 M
820 3299 931 3352 41dem
947 3299 990 3351 M
1071 3303 1159 3364 5pro·

156 3380 233 3418 cassu
253 3365 291 3418 M
380 3371 512 3433 cpenor
536 3368 574 3420 M
663 3369 812 3438 7prolem
831 3371 962 3423 u1t10rcm
981 3369 1020 3421 M
1105 3369 1159 3420 Set

156 3439 178 3514 9·
191 3435 276 3488 cerba
290 3435 573 3504 dittograpbiodlcta
586 3439 674 3492 deterri
747 3441 916 3494 lamentam
936 3440 974 3493 M
1045 3444 1078 3492 14
1095 3437 1159 3489 alte·

155 3520 212 3584 nus
230 3505 296 3558 Aer.
371 3507 665 3574 1ospeuae1psaM
736 3515 768 3564 16
787 3527 872 3579 gigen
891 3511 930 3563 M
1001 3515 1033 3564 16
1061 3509 1161 3576 uynna

157 3573 199 3626 bas
217 3574 256 3626 M
327 3574 483 3628 1rb1th1n1
501 3576 539 3629 M
611 3585 643 3633 19
668 3596 781 3648 orycum
801 3580 839 3633 M
910 3587 944 3636 20
962 3595 1076 3635 insanae
1094 3577 1128 3630 M

157 3647 190 3695 21
212 3644 296 3698 aedos
316 3644 354 3696 M
425 3650 458 3697 24
477 3646 554 3700 aedrs
574 3647 612 3700 M
681 3656 714 3703 26
733 3651 844 3704 bremen
863 3651 902 3704 M
977 3657 1010 3705 28
1029 3667 1109 3719 gigan
1126 3647 1163 3698 M
